%YAML 1.1
%TAG !u! tag:unity3d.com,2011:
--- !u!1 &8432263068243288145
GameObject:
  m_ObjectHideFlags: 0
  m_CorrespondingSourceObject: {fileID: 0}
  m_PrefabInstance: {fileID: 0}
  m_PrefabAsset: {fileID: 0}
  serializedVersion: 6
  m_Component:
  - component: {fileID: 8432263068243288150}
  - component: {fileID: 8432263068243288149}
  - component: {fileID: 8432263068243288148}
  m_Layer: 0
  m_Name: Sphere
  m_TagString: Untagged
  m_Icon: {fileID: 8418204508859773708, guid: 0000000000000000d000000000000000, type: 0}
  m_NavMeshLayer: 0
  m_StaticEditorFlags: 0
  m_IsActive: 1
--- !u!4 &8432263068243288150
Transform:
  m_ObjectHideFlags: 0
  m_CorrespondingSourceObject: {fileID: 0}
  m_PrefabInstance: {fileID: 0}
  m_PrefabAsset: {fileID: 0}
  m_GameObject: {fileID: 8432263068243288145}
  m_LocalRotation: {x: -0.7071068, y: -0, z: -0, w: 0.7071068}
  m_LocalPosition: {x: 0, y: 0, z: 5}
  m_LocalScale: {x: 1, y: 0.5, z: 1}
  m_Children: []
  m_Father: {fileID: 8432263069545598600}
  m_RootOrder: 0
  m_LocalEulerAnglesHint: {x: 0, y: 0, z: 0}
--- !u!33 &8432263068243288149
MeshFilter:
  m_ObjectHideFlags: 0
  m_CorrespondingSourceObject: {fileID: 0}
  m_PrefabInstance: {fileID: 0}
  m_PrefabAsset: {fileID: 0}
  m_GameObject: {fileID: 8432263068243288145}
  m_Mesh: {fileID: 10207, guid: 0000000000000000e000000000000000, type: 0}
--- !u!23 &8432263068243288148
MeshRenderer:
  m_ObjectHideFlags: 0
  m_CorrespondingSourceObject: {fileID: 0}
  m_PrefabInstance: {fileID: 0}
  m_PrefabAsset: {fileID: 0}
  m_GameObject: {fileID: 8432263068243288145}
  m_Enabled: 1
  m_CastShadows: 1
  m_ReceiveShadows: 1
  m_DynamicOccludee: 1
  m_MotionVectors: 1
  m_LightProbeUsage: 1
  m_ReflectionProbeUsage: 1
  m_RayTracingMode: 2
  m_RayTraceProcedural: 0
  m_RenderingLayerMask: 1
  m_RendererPriority: 0
  m_Materials:
  - {fileID: 2100000, guid: aa088bf71c893b14ba6ffdff946fc093, type: 2}
  m_StaticBatchInfo:
    firstSubMesh: 0
    subMeshCount: 0
  m_StaticBatchRoot: {fileID: 0}
  m_ProbeAnchor: {fileID: 0}
  m_LightProbeVolumeOverride: {fileID: 0}
  m_ScaleInLightmap: 1
  m_ReceiveGI: 1
  m_PreserveUVs: 0
  m_IgnoreNormalsForChartDetection: 0
  m_ImportantGI: 0
  m_StitchLightmapSeams: 1
  m_SelectedEditorRenderState: 3
  m_MinimumChartSize: 4
  m_AutoUVMaxDistance: 0.5
  m_AutoUVMaxAngle: 89
  m_LightmapParameters: {fileID: 0}
  m_SortingLayerID: 0
  m_SortingLayer: 0
  m_SortingOrder: 0
  m_AdditionalVertexStreams: {fileID: 0}
--- !u!1 &8432263069331951200
GameObject:
  m_ObjectHideFlags: 0
  m_CorrespondingSourceObject: {fileID: 0}
  m_PrefabInstance: {fileID: 0}
  m_PrefabAsset: {fileID: 0}
  serializedVersion: 6
  m_Component:
  - component: {fileID: 8432263069331951201}
  m_Layer: 0
  m_Name: lightPoint
  m_TagString: Untagged
  m_Icon: {fileID: 1206586993520771344, guid: 0000000000000000d000000000000000, type: 0}
  m_NavMeshLayer: 0
  m_StaticEditorFlags: 0
  m_IsActive: 1
--- !u!4 &8432263069331951201
Transform:
  m_ObjectHideFlags: 0
  m_CorrespondingSourceObject: {fileID: 0}
  m_PrefabInstance: {fileID: 0}
  m_PrefabAsset: {fileID: 0}
  m_GameObject: {fileID: 8432263069331951200}
  m_LocalRotation: {x: 0, y: 0, z: 0, w: 1}
  m_LocalPosition: {x: 0.01, y: -0.883, z: -1.867}
  m_LocalScale: {x: 1, y: 1, z: 1}
  m_Children:
  - {fileID: 8432263069545598600}
  m_Father: {fileID: 8432263069709681744}
  m_RootOrder: 1
  m_LocalEulerAnglesHint: {x: 0, y: 0, z: 0}
--- !u!1 &8432263069545598602
GameObject:
  m_ObjectHideFlags: 0
  m_CorrespondingSourceObject: {fileID: 0}
  m_PrefabInstance: {fileID: 0}
  m_PrefabAsset: {fileID: 0}
  serializedVersion: 6
  m_Component:
  - component: {fileID: 8432263069545598600}
  m_Layer: 0
  m_Name: projector
  m_TagString: Untagged
  m_Icon: {fileID: 0}
  m_NavMeshLayer: 0
  m_StaticEditorFlags: 0
  m_IsActive: 1
--- !u!4 &8432263069545598600
Transform:
  m_ObjectHideFlags: 0
  m_CorrespondingSourceObject: {fileID: 0}
  m_PrefabInstance: {fileID: 0}
  m_PrefabAsset: {fileID: 0}
  m_GameObject: {fileID: 8432263069545598602}
  m_LocalRotation: {x: 0.7071068, y: 0, z: 0, w: 0.7071068}
  m_LocalPosition: {x: 0, y: 0, z: 0}
  m_LocalScale: {x: 1, y: 1, z: 1}
  m_Children:
  - {fileID: 8432263068243288150}
  - {fileID: 933542220046472036}
  m_Father: {fileID: 8432263069331951201}
  m_RootOrder: 0
  m_LocalEulerAnglesHint: {x: 90, y: 0, z: 0}
--- !u!1 &8432263069709681708
GameObject:
  m_ObjectHideFlags: 0
  m_CorrespondingSourceObject: {fileID: 0}
  m_PrefabInstance: {fileID: 0}
  m_PrefabAsset: {fileID: 0}
  serializedVersion: 6
  m_Component:
  - component: {fileID: 8432263069709681744}
  - component: {fileID: 8432263069709681747}
  - component: {fileID: 8432263069709681746}
  - component: {fileID: 8432263069709681709}
  - component: {fileID: 8432263069709681745}
  - component: {fileID: 8432263069709681750}
  - component: {fileID: 8432263069709681711}
  - component: {fileID: 8432263069709681710}
  - component: {fileID: 8432263069709681680}
  m_Layer: 0
  m_Name: char
  m_TagString: Player
  m_Icon: {fileID: 0}
  m_NavMeshLayer: 0
  m_StaticEditorFlags: 0
  m_IsActive: 1
--- !u!4 &8432263069709681744
Transform:
  m_ObjectHideFlags: 0
  m_CorrespondingSourceObject: {fileID: 0}
  m_PrefabInstance: {fileID: 0}
  m_PrefabAsset: {fileID: 0}
  m_GameObject: {fileID: 8432263069709681708}
  m_LocalRotation: {x: 0, y: 0, z: 0, w: 1}
  m_LocalPosition: {x: -40.9, y: -49.6, z: -13.8}
  m_LocalScale: {x: 1, y: 1, z: 1}
  m_Children:
  - {fileID: 933542219766033114}
  - {fileID: 8432263069331951201}
  m_Father: {fileID: 0}
  m_RootOrder: 0
  m_LocalEulerAnglesHint: {x: 0, y: 0, z: 0}
--- !u!33 &8432263069709681747
MeshFilter:
  m_ObjectHideFlags: 0
  m_CorrespondingSourceObject: {fileID: 0}
  m_PrefabInstance: {fileID: 0}
  m_PrefabAsset: {fileID: 0}
  m_GameObject: {fileID: 8432263069709681708}
  m_Mesh: {fileID: 10207, guid: 0000000000000000e000000000000000, type: 0}
--- !u!23 &8432263069709681746
MeshRenderer:
  m_ObjectHideFlags: 0
  m_CorrespondingSourceObject: {fileID: 0}
  m_PrefabInstance: {fileID: 0}
  m_PrefabAsset: {fileID: 0}
  m_GameObject: {fileID: 8432263069709681708}
  m_Enabled: 0
  m_CastShadows: 1
  m_ReceiveShadows: 1
  m_DynamicOccludee: 1
  m_MotionVectors: 1
  m_LightProbeUsage: 1
  m_ReflectionProbeUsage: 1
  m_RayTracingMode: 2
  m_RayTraceProcedural: 0
  m_RenderingLayerMask: 1
  m_RendererPriority: 0
  m_Materials:
  - {fileID: 2100000, guid: 9eefe0174394f7b4ab0131836bcad4ff, type: 2}
  m_StaticBatchInfo:
    firstSubMesh: 0
    subMeshCount: 0
  m_StaticBatchRoot: {fileID: 0}
  m_ProbeAnchor: {fileID: 0}
  m_LightProbeVolumeOverride: {fileID: 0}
  m_ScaleInLightmap: 1
  m_ReceiveGI: 1
  m_PreserveUVs: 0
  m_IgnoreNormalsForChartDetection: 0
  m_ImportantGI: 0
  m_StitchLightmapSeams: 1
  m_SelectedEditorRenderState: 3
  m_MinimumChartSize: 4
  m_AutoUVMaxDistance: 0.5
  m_AutoUVMaxAngle: 89
  m_LightmapParameters: {fileID: 0}
  m_SortingLayerID: 0
  m_SortingLayer: 0
  m_SortingOrder: 0
  m_AdditionalVertexStreams: {fileID: 0}
--- !u!135 &8432263069709681709
SphereCollider:
  m_ObjectHideFlags: 0
  m_CorrespondingSourceObject: {fileID: 0}
  m_PrefabInstance: {fileID: 0}
  m_PrefabAsset: {fileID: 0}
  m_GameObject: {fileID: 8432263069709681708}
  m_Material: {fileID: 0}
  m_IsTrigger: 0
  m_Enabled: 1
  serializedVersion: 2
  m_Radius: 2.2
  m_Center: {x: 0, y: 0, z: 0}
--- !u!54 &8432263069709681745
Rigidbody:
  m_ObjectHideFlags: 0
  m_CorrespondingSourceObject: {fileID: 0}
  m_PrefabInstance: {fileID: 0}
  m_PrefabAsset: {fileID: 0}
  m_GameObject: {fileID: 8432263069709681708}
  serializedVersion: 2
  m_Mass: 1
  m_Drag: 1
  m_AngularDrag: 0.05
  m_UseGravity: 1
  m_IsKinematic: 0
  m_Interpolate: 0
  m_Constraints: 120
  m_CollisionDetection: 0
--- !u!114 &8432263069709681750
MonoBehaviour:
  m_ObjectHideFlags: 0
  m_CorrespondingSourceObject: {fileID: 0}
  m_PrefabInstance: {fileID: 0}
  m_PrefabAsset: {fileID: 0}
  m_GameObject: {fileID: 8432263069709681708}
  m_Enabled: 1
  m_EditorHideFlags: 0
  m_Script: {fileID: 11500000, guid: 8c22ab3706f70e048ad837b357bd1e57, type: 3}
  m_Name: 
  m_EditorClassIdentifier: 
  lightPoint: {fileID: 8432263069331951200}
  projector: {fileID: 8432263069545598602}
  attackForce: 20
  enemy:
    serializedVersion: 2
    m_Bits: 256
  projectorDistance: 20
  dyingTIme: 1
  lightDamage: 0.002
  lightBoost: 0.001
  currLightEnergy: 0
  maxLightEnergy: 100
--- !u!114 &8432263069709681711
MonoBehaviour:
  m_ObjectHideFlags: 0
  m_CorrespondingSourceObject: {fileID: 0}
  m_PrefabInstance: {fileID: 0}
  m_PrefabAsset: {fileID: 0}
  m_GameObject: {fileID: 8432263069709681708}
  m_Enabled: 1
  m_EditorHideFlags: 0
  m_Script: {fileID: 11500000, guid: 3febe528b8b40d94e9c6420ad82f91fb, type: 3}
  m_Name: 
  m_EditorClassIdentifier: 
  maxSpeed: 5
  acceleration: 3
  rotationSpeed: 2
  rotationRatio: 5
--- !u!114 &8432263069709681710
MonoBehaviour:
  m_ObjectHideFlags: 0
  m_CorrespondingSourceObject: {fileID: 0}
  m_PrefabInstance: {fileID: 0}
  m_PrefabAsset: {fileID: 0}
  m_GameObject: {fileID: 8432263069709681708}
  m_Enabled: 1
  m_EditorHideFlags: 0
  m_Script: {fileID: 11500000, guid: d1b8762974ae3a941a0ce9d9bfa4c10d, type: 3}
  m_Name: 
  m_EditorClassIdentifier: 
  maxOxygen: 1
  OnOxygenLow:
    m_PersistentCalls:
      m_Calls: []
--- !u!114 &8432263069709681680
MonoBehaviour:
  m_ObjectHideFlags: 0
  m_CorrespondingSourceObject: {fileID: 0}
  m_PrefabInstance: {fileID: 0}
  m_PrefabAsset: {fileID: 0}
  m_GameObject: {fileID: 8432263069709681708}
  m_Enabled: 1
  m_EditorHideFlags: 0
  m_Script: {fileID: 11500000, guid: 9547e51c48343b248b03696fded6563c, type: 3}
  m_Name: 
  m_EditorClassIdentifier: 
  bonusWeight: 0.1
--- !u!1001 &828137651890451599
PrefabInstance:
  m_ObjectHideFlags: 0
  serializedVersion: 2
  m_Modification:
    m_TransformParent: {fileID: 8432263069545598600}
    m_Modifications:
    - target: {fileID: -8679921383154817045, guid: 836ed02d1212bed4b90520616d7826b6,
        type: 3}
      propertyPath: m_RootOrder
      value: 1
      objectReference: {fileID: 0}
    - target: {fileID: -8679921383154817045, guid: 836ed02d1212bed4b90520616d7826b6,
        type: 3}
      propertyPath: m_LocalScale.z
      value: 253.66641
      objectReference: {fileID: 0}
    - target: {fileID: -8679921383154817045, guid: 836ed02d1212bed4b90520616d7826b6,
        type: 3}
      propertyPath: m_LocalPosition.x
      value: -0
      objectReference: {fileID: 0}
    - target: {fileID: -8679921383154817045, guid: 836ed02d1212bed4b90520616d7826b6,
        type: 3}
      propertyPath: m_LocalPosition.y
      value: 0
      objectReference: {fileID: 0}
    - target: {fileID: -8679921383154817045, guid: 836ed02d1212bed4b90520616d7826b6,
        type: 3}
      propertyPath: m_LocalPosition.z
      value: 2.43
      objectReference: {fileID: 0}
    - target: {fileID: -8679921383154817045, guid: 836ed02d1212bed4b90520616d7826b6,
        type: 3}
      propertyPath: m_LocalRotation.w
      value: 0
      objectReference: {fileID: 0}
    - target: {fileID: -8679921383154817045, guid: 836ed02d1212bed4b90520616d7826b6,
        type: 3}
      propertyPath: m_LocalRotation.x
      value: 1
      objectReference: {fileID: 0}
    - target: {fileID: -8679921383154817045, guid: 836ed02d1212bed4b90520616d7826b6,
        type: 3}
      propertyPath: m_LocalRotation.y
      value: 0
      objectReference: {fileID: 0}
    - target: {fileID: -8679921383154817045, guid: 836ed02d1212bed4b90520616d7826b6,
        type: 3}
      propertyPath: m_LocalRotation.z
      value: 0
      objectReference: {fileID: 0}
    - target: {fileID: -8679921383154817045, guid: 836ed02d1212bed4b90520616d7826b6,
        type: 3}
      propertyPath: m_LocalEulerAnglesHint.x
      value: 180
      objectReference: {fileID: 0}
    - target: {fileID: -8679921383154817045, guid: 836ed02d1212bed4b90520616d7826b6,
        type: 3}
      propertyPath: m_LocalEulerAnglesHint.y
      value: 0
      objectReference: {fileID: 0}
    - target: {fileID: -8679921383154817045, guid: 836ed02d1212bed4b90520616d7826b6,
        type: 3}
      propertyPath: m_LocalEulerAnglesHint.z
      value: 0
      objectReference: {fileID: 0}
    - target: {fileID: -7511558181221131132, guid: 836ed02d1212bed4b90520616d7826b6,
        type: 3}
      propertyPath: m_Materials.Array.data[0]
      value: 
      objectReference: {fileID: 2100000, guid: 0c7222738c04c9a4496beb451793b9e1, type: 2}
    - target: {fileID: 919132149155446097, guid: 836ed02d1212bed4b90520616d7826b6,
        type: 3}
      propertyPath: m_Name
      value: ray
      objectReference: {fileID: 0}
    m_RemovedComponents: []
  m_SourcePrefab: {fileID: 100100000, guid: 836ed02d1212bed4b90520616d7826b6, type: 3}
--- !u!4 &933542220046472036 stripped
Transform:
  m_CorrespondingSourceObject: {fileID: -8679921383154817045, guid: 836ed02d1212bed4b90520616d7826b6,
    type: 3}
  m_PrefabInstance: {fileID: 828137651890451599}
  m_PrefabAsset: {fileID: 0}
--- !u!1001 &828137652212895025
PrefabInstance:
  m_ObjectHideFlags: 0
  serializedVersion: 2
  m_Modification:
    m_TransformParent: {fileID: 8432263069709681744}
    m_Modifications:
    - target: {fileID: -8679921383154817045, guid: 3d2ca928ec1011a4abe9b3dea6128d4b,
        type: 3}
      propertyPath: m_RootOrder
      value: 0
      objectReference: {fileID: 0}
    - target: {fileID: -8679921383154817045, guid: 3d2ca928ec1011a4abe9b3dea6128d4b,
        type: 3}
      propertyPath: m_LocalPosition.x
      value: 82.41526
      objectReference: {fileID: 0}
    - target: {fileID: -8679921383154817045, guid: 3d2ca928ec1011a4abe9b3dea6128d4b,
        type: 3}
      propertyPath: m_LocalPosition.y
      value: -23.87
      objectReference: {fileID: 0}
    - target: {fileID: -8679921383154817045, guid: 3d2ca928ec1011a4abe9b3dea6128d4b,
        type: 3}
      propertyPath: m_LocalPosition.z
      value: -13.45
      objectReference: {fileID: 0}
    - target: {fileID: -8679921383154817045, guid: 3d2ca928ec1011a4abe9b3dea6128d4b,
        type: 3}
      propertyPath: m_LocalRotation.w
      value: 0.7934251
      objectReference: {fileID: 0}
    - target: {fileID: -8679921383154817045, guid: 3d2ca928ec1011a4abe9b3dea6128d4b,
        type: 3}
      propertyPath: m_LocalRotation.x
      value: -0
      objectReference: {fileID: 0}
    - target: {fileID: -8679921383154817045, guid: 3d2ca928ec1011a4abe9b3dea6128d4b,
        type: 3}
      propertyPath: m_LocalRotation.y
      value: -0.60866797
      objectReference: {fileID: 0}
    - target: {fileID: -8679921383154817045, guid: 3d2ca928ec1011a4abe9b3dea6128d4b,
        type: 3}
      propertyPath: m_LocalRotation.z
      value: -0
      objectReference: {fileID: 0}
    - target: {fileID: -8679921383154817045, guid: 3d2ca928ec1011a4abe9b3dea6128d4b,
        type: 3}
      propertyPath: m_LocalEulerAnglesHint.x
      value: 0
      objectReference: {fileID: 0}
    - target: {fileID: -8679921383154817045, guid: 3d2ca928ec1011a4abe9b3dea6128d4b,
        type: 3}
      propertyPath: m_LocalEulerAnglesHint.y
      value: -74.986
      objectReference: {fileID: 0}
    - target: {fileID: -8679921383154817045, guid: 3d2ca928ec1011a4abe9b3dea6128d4b,
        type: 3}
      propertyPath: m_LocalEulerAnglesHint.z
      value: 0
      objectReference: {fileID: 0}
    - target: {fileID: 919132149155446097, guid: 3d2ca928ec1011a4abe9b3dea6128d4b,
        type: 3}
      propertyPath: m_Name
      value: batiscaf (5)
      objectReference: {fileID: 0}
    - target: {fileID: 1050135703514554785, guid: 3d2ca928ec1011a4abe9b3dea6128d4b,
        type: 3}
      propertyPath: m_Materials.Array.data[0]
      value: 
      objectReference: {fileID: 2100000, guid: 70818a2dd4b205b488087aae1fd848e7, type: 2}
    - target: {fileID: 6317578925029434746, guid: 3d2ca928ec1011a4abe9b3dea6128d4b,
        type: 3}
      propertyPath: m_Materials.Array.data[0]
      value: 
      objectReference: {fileID: 2100000, guid: 70818a2dd4b205b488087aae1fd848e7, type: 2}
    - target: {fileID: 8100320773420232829, guid: 3d2ca928ec1011a4abe9b3dea6128d4b,
        type: 3}
      propertyPath: m_Materials.Array.data[0]
      value: 
      objectReference: {fileID: 2100000, guid: 97ba9698167659242aad574c729a404f, type: 2}
    m_RemovedComponents: []
  m_SourcePrefab: {fileID: 100100000, guid: 3d2ca928ec1011a4abe9b3dea6128d4b, type: 3}
--- !u!4 &933542219766033114 stripped
Transform:
  m_CorrespondingSourceObject: {fileID: -8679921383154817045, guid: 3d2ca928ec1011a4abe9b3dea6128d4b,
    type: 3}
  m_PrefabInstance: {fileID: 828137652212895025}
  m_PrefabAsset: {fileID: 0}
