%YAML 1.1
%TAG !u! tag:unity3d.com,2011:
--- !u!1 &7169869984465545243
GameObject:
  m_ObjectHideFlags: 0
  m_CorrespondingSourceObject: {fileID: 0}
  m_PrefabInstance: {fileID: 0}
  m_PrefabAsset: {fileID: 0}
  serializedVersion: 6
  m_Component:
  - component: {fileID: 7169869984465545216}
  - component: {fileID: 7169869984465545223}
  - component: {fileID: 7169869984465545222}
  - component: {fileID: 7169869984465545221}
  - component: {fileID: 7169869984465545217}
  - component: {fileID: 4886886261814411599}
  m_Layer: 8
  m_Name: lazyFish
  m_TagString: Untagged
  m_Icon: {fileID: 0}
  m_NavMeshLayer: 0
  m_StaticEditorFlags: 0
  m_IsActive: 1
--- !u!4 &7169869984465545216
Transform:
  m_ObjectHideFlags: 0
  m_CorrespondingSourceObject: {fileID: 0}
  m_PrefabInstance: {fileID: 0}
  m_PrefabAsset: {fileID: 0}
  m_GameObject: {fileID: 7169869984465545243}
  m_LocalRotation: {x: 0, y: 0, z: 0, w: 1}
  m_LocalPosition: {x: 9.1, y: 31.5, z: 0}
  m_LocalScale: {x: 1, y: 1, z: 1}
  m_Children:
  - {fileID: 571402542443021780}
  m_Father: {fileID: 0}
  m_RootOrder: 0
  m_LocalEulerAnglesHint: {x: 0, y: 0, z: 0}
--- !u!33 &7169869984465545223
MeshFilter:
  m_ObjectHideFlags: 0
  m_CorrespondingSourceObject: {fileID: 0}
  m_PrefabInstance: {fileID: 0}
  m_PrefabAsset: {fileID: 0}
  m_GameObject: {fileID: 7169869984465545243}
  m_Mesh: {fileID: 10208, guid: 0000000000000000e000000000000000, type: 0}
--- !u!23 &7169869984465545222
MeshRenderer:
  m_ObjectHideFlags: 0
  m_CorrespondingSourceObject: {fileID: 0}
  m_PrefabInstance: {fileID: 0}
  m_PrefabAsset: {fileID: 0}
  m_GameObject: {fileID: 7169869984465545243}
  m_Enabled: 0
  m_CastShadows: 1
  m_ReceiveShadows: 1
  m_DynamicOccludee: 1
  m_MotionVectors: 1
  m_LightProbeUsage: 1
  m_ReflectionProbeUsage: 1
  m_RayTracingMode: 2
  m_RayTraceProcedural: 0
  m_RenderingLayerMask: 1
  m_RendererPriority: 0
  m_Materials:
  - {fileID: 2100000, guid: 94cf73a0e5b410741b0e0915297a9e4b, type: 2}
  m_StaticBatchInfo:
    firstSubMesh: 0
    subMeshCount: 0
  m_StaticBatchRoot: {fileID: 0}
  m_ProbeAnchor: {fileID: 0}
  m_LightProbeVolumeOverride: {fileID: 0}
  m_ScaleInLightmap: 1
  m_ReceiveGI: 1
  m_PreserveUVs: 0
  m_IgnoreNormalsForChartDetection: 0
  m_ImportantGI: 0
  m_StitchLightmapSeams: 1
  m_SelectedEditorRenderState: 3
  m_MinimumChartSize: 4
  m_AutoUVMaxDistance: 0.5
  m_AutoUVMaxAngle: 89
  m_LightmapParameters: {fileID: 0}
  m_SortingLayerID: 0
  m_SortingLayer: 0
  m_SortingOrder: 0
  m_AdditionalVertexStreams: {fileID: 0}
--- !u!136 &7169869984465545221
CapsuleCollider:
  m_ObjectHideFlags: 0
  m_CorrespondingSourceObject: {fileID: 0}
  m_PrefabInstance: {fileID: 0}
  m_PrefabAsset: {fileID: 0}
  m_GameObject: {fileID: 7169869984465545243}
  m_Material: {fileID: 0}
  m_IsTrigger: 0
  m_Enabled: 1
  m_Radius: 0.47
  m_Height: 2.42
  m_Direction: 2
  m_Center: {x: 0.21, y: 0.1, z: 0}
--- !u!54 &7169869984465545217
Rigidbody:
  m_ObjectHideFlags: 0
  m_CorrespondingSourceObject: {fileID: 0}
  m_PrefabInstance: {fileID: 0}
  m_PrefabAsset: {fileID: 0}
  m_GameObject: {fileID: 7169869984465545243}
  serializedVersion: 2
  m_Mass: 0.2
  m_Drag: 1
  m_AngularDrag: 0.05
  m_UseGravity: 1
  m_IsKinematic: 0
  m_Interpolate: 0
  m_Constraints: 8
  m_CollisionDetection: 0
--- !u!114 &4886886261814411599
MonoBehaviour:
  m_ObjectHideFlags: 0
  m_CorrespondingSourceObject: {fileID: 0}
  m_PrefabInstance: {fileID: 0}
  m_PrefabAsset: {fileID: 0}
  m_GameObject: {fileID: 7169869984465545243}
  m_Enabled: 1
  m_EditorHideFlags: 0
  m_Script: {fileID: 11500000, guid: 4ad778da728e74e409f9b61107c27c7f, type: 3}
  m_Name: 
  m_EditorClassIdentifier: 
  maxSpeed: 1
  acceleration: 5
  agroRadius: 15
  damage: 1
  maxHealth: 3
  OnDie:
    m_PersistentCalls:
      m_Calls: []
  slowingDownForce: 0.5
--- !u!1001 &28357404545458751
PrefabInstance:
  m_ObjectHideFlags: 0
  serializedVersion: 2
  m_Modification:
    m_TransformParent: {fileID: 7169869984465545216}
    m_Modifications:
    - target: {fileID: -8679921383154817045, guid: d711dcb6e046c4b40a7462ff01834a65,
        type: 3}
      propertyPath: m_RootOrder
      value: 0
      objectReference: {fileID: 0}
    - target: {fileID: -8679921383154817045, guid: d711dcb6e046c4b40a7462ff01834a65,
        type: 3}
      propertyPath: m_LocalPosition.x
      value: -50.118
      objectReference: {fileID: 0}
    - target: {fileID: -8679921383154817045, guid: d711dcb6e046c4b40a7462ff01834a65,
        type: 3}
      propertyPath: m_LocalPosition.y
      value: -17.408
      objectReference: {fileID: 0}
    - target: {fileID: -8679921383154817045, guid: d711dcb6e046c4b40a7462ff01834a65,
        type: 3}
      propertyPath: m_LocalPosition.z
      value: 2.4
      objectReference: {fileID: 0}
    - target: {fileID: -8679921383154817045, guid: d711dcb6e046c4b40a7462ff01834a65,
        type: 3}
      propertyPath: m_LocalRotation.w
      value: 0.7071068
      objectReference: {fileID: 0}
    - target: {fileID: -8679921383154817045, guid: d711dcb6e046c4b40a7462ff01834a65,
        type: 3}
      propertyPath: m_LocalRotation.x
      value: 0
      objectReference: {fileID: 0}
    - target: {fileID: -8679921383154817045, guid: d711dcb6e046c4b40a7462ff01834a65,
        type: 3}
      propertyPath: m_LocalRotation.y
      value: 0.7071068
      objectReference: {fileID: 0}
    - target: {fileID: -8679921383154817045, guid: d711dcb6e046c4b40a7462ff01834a65,
        type: 3}
      propertyPath: m_LocalRotation.z
      value: 0
      objectReference: {fileID: 0}
    - target: {fileID: -8679921383154817045, guid: d711dcb6e046c4b40a7462ff01834a65,
        type: 3}
      propertyPath: m_LocalEulerAnglesHint.x
      value: 0
      objectReference: {fileID: 0}
    - target: {fileID: -8679921383154817045, guid: d711dcb6e046c4b40a7462ff01834a65,
        type: 3}
      propertyPath: m_LocalEulerAnglesHint.y
      value: 90
      objectReference: {fileID: 0}
    - target: {fileID: -8679921383154817045, guid: d711dcb6e046c4b40a7462ff01834a65,
        type: 3}
      propertyPath: m_LocalEulerAnglesHint.z
      value: 0
      objectReference: {fileID: 0}
    - target: {fileID: -4202798675411607032, guid: d711dcb6e046c4b40a7462ff01834a65,
        type: 3}
      propertyPath: m_Materials.Array.data[0]
      value: 
      objectReference: {fileID: 2100000, guid: 0408a7f5b0d98f44391f678a35f49236, type: 2}
    - target: {fileID: 919132149155446097, guid: d711dcb6e046c4b40a7462ff01834a65,
        type: 3}
      propertyPath: m_Name
      value: ryba_jirnaya
      objectReference: {fileID: 0}
    m_RemovedComponents: []
  m_SourcePrefab: {fileID: 100100000, guid: d711dcb6e046c4b40a7462ff01834a65, type: 3}
--- !u!4 &571402542443021780 stripped
Transform:
  m_CorrespondingSourceObject: {fileID: -8679921383154817045, guid: d711dcb6e046c4b40a7462ff01834a65,
    type: 3}
  m_PrefabInstance: {fileID: 28357404545458751}
  m_PrefabAsset: {fileID: 0}
