%YAML 1.1
%TAG !u! tag:unity3d.com,2011:
--- !u!1 &5471885898033307795
GameObject:
  m_ObjectHideFlags: 0
  m_CorrespondingSourceObject: {fileID: 0}
  m_PrefabInstance: {fileID: 0}
  m_PrefabAsset: {fileID: 0}
  serializedVersion: 6
  m_Component:
  - component: {fileID: 8285390359333266064}
  - component: {fileID: 208029012282278847}
  - component: {fileID: 8840312159599092021}
  - component: {fileID: 2489186723640189878}
  m_Layer: 0
  m_Name: Plane
  m_TagString: Untagged
  m_Icon: {fileID: 0}
  m_NavMeshLayer: 0
  m_StaticEditorFlags: 0
  m_IsActive: 1
--- !u!4 &8285390359333266064
Transform:
  m_ObjectHideFlags: 0
  m_CorrespondingSourceObject: {fileID: 0}
  m_PrefabInstance: {fileID: 0}
  m_PrefabAsset: {fileID: 0}
  m_GameObject: {fileID: 5471885898033307795}
  m_LocalRotation: {x: -0, y: -0, z: -0, w: 1}
  m_LocalPosition: {x: 59.300682, y: 19.241669, z: -62.201218}
  m_LocalScale: {x: 6.894253, y: 1, z: 8.574722}
  m_Children: []
  m_Father: {fileID: 5360267588362257374}
  m_RootOrder: 1
  m_LocalEulerAnglesHint: {x: 0, y: 0, z: 0}
--- !u!33 &208029012282278847
MeshFilter:
  m_ObjectHideFlags: 0
  m_CorrespondingSourceObject: {fileID: 0}
  m_PrefabInstance: {fileID: 0}
  m_PrefabAsset: {fileID: 0}
  m_GameObject: {fileID: 5471885898033307795}
  m_Mesh: {fileID: 10209, guid: 0000000000000000e000000000000000, type: 0}
--- !u!23 &8840312159599092021
MeshRenderer:
  m_ObjectHideFlags: 0
  m_CorrespondingSourceObject: {fileID: 0}
  m_PrefabInstance: {fileID: 0}
  m_PrefabAsset: {fileID: 0}
  m_GameObject: {fileID: 5471885898033307795}
  m_Enabled: 1
  m_CastShadows: 1
  m_ReceiveShadows: 1
  m_DynamicOccludee: 1
  m_MotionVectors: 1
  m_LightProbeUsage: 1
  m_ReflectionProbeUsage: 1
  m_RayTracingMode: 2
  m_RayTraceProcedural: 0
  m_RenderingLayerMask: 1
  m_RendererPriority: 0
  m_Materials:
  - {fileID: 2100000, guid: 515dd3722251eae409f05ee48f6da5bd, type: 2}
  m_StaticBatchInfo:
    firstSubMesh: 0
    subMeshCount: 0
  m_StaticBatchRoot: {fileID: 0}
  m_ProbeAnchor: {fileID: 0}
  m_LightProbeVolumeOverride: {fileID: 0}
  m_ScaleInLightmap: 1
  m_ReceiveGI: 1
  m_PreserveUVs: 0
  m_IgnoreNormalsForChartDetection: 0
  m_ImportantGI: 0
  m_StitchLightmapSeams: 1
  m_SelectedEditorRenderState: 3
  m_MinimumChartSize: 4
  m_AutoUVMaxDistance: 0.5
  m_AutoUVMaxAngle: 89
  m_LightmapParameters: {fileID: 0}
  m_SortingLayerID: 0
  m_SortingLayer: 0
  m_SortingOrder: 0
  m_AdditionalVertexStreams: {fileID: 0}
--- !u!64 &2489186723640189878
MeshCollider:
  m_ObjectHideFlags: 0
  m_CorrespondingSourceObject: {fileID: 0}
  m_PrefabInstance: {fileID: 0}
  m_PrefabAsset: {fileID: 0}
  m_GameObject: {fileID: 5471885898033307795}
  m_Material: {fileID: 0}
  m_IsTrigger: 0
  m_Enabled: 1
  serializedVersion: 4
  m_Convex: 0
  m_CookingOptions: 30
  m_Mesh: {fileID: 10209, guid: 0000000000000000e000000000000000, type: 0}
--- !u!1 &5713007149949424850
GameObject:
  m_ObjectHideFlags: 0
  m_CorrespondingSourceObject: {fileID: 0}
  m_PrefabInstance: {fileID: 0}
  m_PrefabAsset: {fileID: 0}
  serializedVersion: 6
  m_Component:
  - component: {fileID: 5360267588362257374}
  m_Layer: 0
  m_Name: start location
  m_TagString: Untagged
  m_Icon: {fileID: 0}
  m_NavMeshLayer: 0
  m_StaticEditorFlags: 0
  m_IsActive: 1
--- !u!4 &5360267588362257374
Transform:
  m_ObjectHideFlags: 0
  m_CorrespondingSourceObject: {fileID: 0}
  m_PrefabInstance: {fileID: 0}
  m_PrefabAsset: {fileID: 0}
  m_GameObject: {fileID: 5713007149949424850}
  m_LocalRotation: {x: 0, y: 0, z: 0, w: 1}
  m_LocalPosition: {x: -94.40068, y: 70.85833, z: 70.20122}
  m_LocalScale: {x: 1, y: 1, z: 1}
  m_Children:
  - {fileID: 8705157325373401486}
  - {fileID: 8285390359333266064}
  m_Father: {fileID: 0}
  m_RootOrder: 0
  m_LocalEulerAnglesHint: {x: 0, y: 0, z: 0}
--- !u!1001 &9170550443078061669
PrefabInstance:
  m_ObjectHideFlags: 0
  serializedVersion: 2
  m_Modification:
    m_TransformParent: {fileID: 5360267588362257374}
    m_Modifications:
    - target: {fileID: -8679921383154817045, guid: 85df9bdbf4b40c341a7728b2165a9beb,
        type: 3}
      propertyPath: m_RootOrder
      value: 0
      objectReference: {fileID: 0}
    - target: {fileID: -8679921383154817045, guid: 85df9bdbf4b40c341a7728b2165a9beb,
        type: 3}
      propertyPath: m_LocalPosition.x
      value: 18.200684
      objectReference: {fileID: 0}
    - target: {fileID: -8679921383154817045, guid: 85df9bdbf4b40c341a7728b2165a9beb,
        type: 3}
      propertyPath: m_LocalPosition.y
      value: 23.741669
      objectReference: {fileID: 0}
    - target: {fileID: -8679921383154817045, guid: 85df9bdbf4b40c341a7728b2165a9beb,
        type: 3}
      propertyPath: m_LocalPosition.z
      value: -75.401215
      objectReference: {fileID: 0}
    - target: {fileID: -8679921383154817045, guid: 85df9bdbf4b40c341a7728b2165a9beb,
        type: 3}
      propertyPath: m_LocalRotation.w
      value: 0.7071068
      objectReference: {fileID: 0}
    - target: {fileID: -8679921383154817045, guid: 85df9bdbf4b40c341a7728b2165a9beb,
        type: 3}
      propertyPath: m_LocalRotation.x
      value: -0
      objectReference: {fileID: 0}
    - target: {fileID: -8679921383154817045, guid: 85df9bdbf4b40c341a7728b2165a9beb,
        type: 3}
      propertyPath: m_LocalRotation.y
      value: -0.7071068
      objectReference: {fileID: 0}
    - target: {fileID: -8679921383154817045, guid: 85df9bdbf4b40c341a7728b2165a9beb,
        type: 3}
      propertyPath: m_LocalRotation.z
      value: -0
      objectReference: {fileID: 0}
    - target: {fileID: -8679921383154817045, guid: 85df9bdbf4b40c341a7728b2165a9beb,
        type: 3}
      propertyPath: m_LocalEulerAnglesHint.x
      value: 0
      objectReference: {fileID: 0}
    - target: {fileID: -8679921383154817045, guid: 85df9bdbf4b40c341a7728b2165a9beb,
        type: 3}
      propertyPath: m_LocalEulerAnglesHint.y
      value: -90
      objectReference: {fileID: 0}
    - target: {fileID: -8679921383154817045, guid: 85df9bdbf4b40c341a7728b2165a9beb,
        type: 3}
      propertyPath: m_LocalEulerAnglesHint.z
      value: 0
      objectReference: {fileID: 0}
    - target: {fileID: -7918335002988649766, guid: 85df9bdbf4b40c341a7728b2165a9beb,
        type: 3}
      propertyPath: m_Materials.Array.data[0]
      value: 
      objectReference: {fileID: 2100000, guid: bb1b7339d2b25f043ba563027ae8dc34, type: 2}
    - target: {fileID: -6093592463355912122, guid: 85df9bdbf4b40c341a7728b2165a9beb,
        type: 3}
      propertyPath: m_Materials.Array.data[0]
      value: 
      objectReference: {fileID: 2100000, guid: fd16ea736ac3296458ada8573ad27caf, type: 2}
    - target: {fileID: -4683669308469848369, guid: 85df9bdbf4b40c341a7728b2165a9beb,
        type: 3}
      propertyPath: m_Materials.Array.data[0]
      value: 
      objectReference: {fileID: 2100000, guid: fd16ea736ac3296458ada8573ad27caf, type: 2}
    - target: {fileID: -1806680513116206669, guid: 85df9bdbf4b40c341a7728b2165a9beb,
        type: 3}
      propertyPath: m_Materials.Array.data[0]
      value: 
      objectReference: {fileID: 2100000, guid: fd16ea736ac3296458ada8573ad27caf, type: 2}
    - target: {fileID: -1461304994638716399, guid: 85df9bdbf4b40c341a7728b2165a9beb,
        type: 3}
      propertyPath: m_Materials.Array.data[0]
      value: 
      objectReference: {fileID: 2100000, guid: fd16ea736ac3296458ada8573ad27caf, type: 2}
    - target: {fileID: -1439730007547781893, guid: 85df9bdbf4b40c341a7728b2165a9beb,
        type: 3}
      propertyPath: m_Materials.Array.data[0]
      value: 
      objectReference: {fileID: 2100000, guid: fd16ea736ac3296458ada8573ad27caf, type: 2}
    - target: {fileID: -804731622281664130, guid: 85df9bdbf4b40c341a7728b2165a9beb,
        type: 3}
      propertyPath: m_Materials.Array.data[0]
      value: 
      objectReference: {fileID: 2100000, guid: fd16ea736ac3296458ada8573ad27caf, type: 2}
    - target: {fileID: -678588488315902003, guid: 85df9bdbf4b40c341a7728b2165a9beb,
        type: 3}
      propertyPath: m_Materials.Array.data[0]
      value: 
      objectReference: {fileID: 2100000, guid: fd16ea736ac3296458ada8573ad27caf, type: 2}
    - target: {fileID: 882129737928793925, guid: 85df9bdbf4b40c341a7728b2165a9beb,
        type: 3}
      propertyPath: m_Materials.Array.data[0]
      value: 
      objectReference: {fileID: 2100000, guid: 2164f81fe5616e941b76c915f9f53d17, type: 2}
    - target: {fileID: 919132149155446097, guid: 85df9bdbf4b40c341a7728b2165a9beb,
        type: 3}
      propertyPath: m_Name
      value: "\u041F\u0438\u0440\u04412"
      objectReference: {fileID: 0}
    - target: {fileID: 919132149155446097, guid: 85df9bdbf4b40c341a7728b2165a9beb,
        type: 3}
      propertyPath: m_IsActive
      value: 1
      objectReference: {fileID: 0}
    - target: {fileID: 1129496810705857465, guid: 85df9bdbf4b40c341a7728b2165a9beb,
        type: 3}
      propertyPath: m_Materials.Array.data[0]
      value: 
      objectReference: {fileID: 2100000, guid: fd16ea736ac3296458ada8573ad27caf, type: 2}
    - target: {fileID: 6745302439343835087, guid: 85df9bdbf4b40c341a7728b2165a9beb,
        type: 3}
      propertyPath: m_Materials.Array.data[0]
      value: 
      objectReference: {fileID: 2100000, guid: fd16ea736ac3296458ada8573ad27caf, type: 2}
    - target: {fileID: 7071182760956848314, guid: 85df9bdbf4b40c341a7728b2165a9beb,
        type: 3}
      propertyPath: m_Materials.Array.data[0]
      value: 
      objectReference: {fileID: 2100000, guid: fd16ea736ac3296458ada8573ad27caf, type: 2}
    - target: {fileID: 7202271454713460447, guid: 85df9bdbf4b40c341a7728b2165a9beb,
        type: 3}
      propertyPath: m_Materials.Array.data[0]
      value: 
      objectReference: {fileID: 2100000, guid: fd16ea736ac3296458ada8573ad27caf, type: 2}
    m_RemovedComponents: []
  m_SourcePrefab: {fileID: 100100000, guid: 85df9bdbf4b40c341a7728b2165a9beb, type: 3}
--- !u!4 &8705157325373401486 stripped
Transform:
  m_CorrespondingSourceObject: {fileID: -8679921383154817045, guid: 85df9bdbf4b40c341a7728b2165a9beb,
    type: 3}
  m_PrefabInstance: {fileID: 9170550443078061669}
  m_PrefabAsset: {fileID: 0}
