%YAML 1.1
%TAG !u! tag:unity3d.com,2011:
--- !u!29 &1
OcclusionCullingSettings:
  m_ObjectHideFlags: 0
  serializedVersion: 2
  m_OcclusionBakeSettings:
    smallestOccluder: 5
    smallestHole: 0.25
    backfaceThreshold: 100
  m_SceneGUID: 00000000000000000000000000000000
  m_OcclusionCullingData: {fileID: 0}
--- !u!104 &2
RenderSettings:
  m_ObjectHideFlags: 0
  serializedVersion: 9
  m_Fog: 0
  m_FogColor: {r: 0.5, g: 0.5, b: 0.5, a: 1}
  m_FogMode: 3
  m_FogDensity: 0.01
  m_LinearFogStart: 0
  m_LinearFogEnd: 300
  m_AmbientSkyColor: {r: 0.212, g: 0.227, b: 0.259, a: 1}
  m_AmbientEquatorColor: {r: 0.114, g: 0.125, b: 0.133, a: 1}
  m_AmbientGroundColor: {r: 0.047, g: 0.043, b: 0.035, a: 1}
  m_AmbientIntensity: 1
  m_AmbientMode: 0
  m_SubtractiveShadowColor: {r: 0.42, g: 0.478, b: 0.627, a: 1}
  m_SkyboxMaterial: {fileID: 10304, guid: 0000000000000000f000000000000000, type: 0}
  m_HaloStrength: 0.5
  m_FlareStrength: 1
  m_FlareFadeSpeed: 3
  m_HaloTexture: {fileID: 0}
  m_SpotCookie: {fileID: 10001, guid: 0000000000000000e000000000000000, type: 0}
  m_DefaultReflectionMode: 0
  m_DefaultReflectionResolution: 128
  m_ReflectionBounces: 1
  m_ReflectionIntensity: 1
  m_CustomReflection: {fileID: 0}
  m_Sun: {fileID: 0}
  m_IndirectSpecularColor: {r: 0, g: 0.99999946, b: 0.99999946, a: 1}
  m_UseRadianceAmbientProbe: 0
--- !u!157 &3
LightmapSettings:
  m_ObjectHideFlags: 0
  serializedVersion: 12
  m_GIWorkflowMode: 1
  m_GISettings:
    serializedVersion: 2
    m_BounceScale: 1
    m_IndirectOutputScale: 1
    m_AlbedoBoost: 1
    m_EnvironmentLightingMode: 0
    m_EnableBakedLightmaps: 1
    m_EnableRealtimeLightmaps: 0
  m_LightmapEditorSettings:
    serializedVersion: 12
    m_Resolution: 2
    m_BakeResolution: 40
    m_AtlasSize: 1024
    m_AO: 0
    m_AOMaxDistance: 1
    m_CompAOExponent: 1
    m_CompAOExponentDirect: 0
    m_ExtractAmbientOcclusion: 0
    m_Padding: 2
    m_LightmapParameters: {fileID: 0}
    m_LightmapsBakeMode: 1
    m_TextureCompression: 1
    m_FinalGather: 0
    m_FinalGatherFiltering: 1
    m_FinalGatherRayCount: 256
    m_ReflectionCompression: 2
    m_MixedBakeMode: 2
    m_BakeBackend: 1
    m_PVRSampling: 1
    m_PVRDirectSampleCount: 32
    m_PVRSampleCount: 512
    m_PVRBounces: 2
    m_PVREnvironmentSampleCount: 256
    m_PVREnvironmentReferencePointCount: 2048
    m_PVRFilteringMode: 1
    m_PVRDenoiserTypeDirect: 1
    m_PVRDenoiserTypeIndirect: 1
    m_PVRDenoiserTypeAO: 1
    m_PVRFilterTypeDirect: 0
    m_PVRFilterTypeIndirect: 0
    m_PVRFilterTypeAO: 0
    m_PVREnvironmentMIS: 1
    m_PVRCulling: 1
    m_PVRFilteringGaussRadiusDirect: 1
    m_PVRFilteringGaussRadiusIndirect: 5
    m_PVRFilteringGaussRadiusAO: 2
    m_PVRFilteringAtrousPositionSigmaDirect: 0.5
    m_PVRFilteringAtrousPositionSigmaIndirect: 2
    m_PVRFilteringAtrousPositionSigmaAO: 1
    m_ExportTrainingData: 0
    m_TrainingDataDestination: TrainingData
    m_LightProbeSampleCountMultiplier: 4
  m_LightingDataAsset: {fileID: 0}
  m_LightingSettings: {fileID: 0}
--- !u!196 &4
NavMeshSettings:
  serializedVersion: 2
  m_ObjectHideFlags: 0
  m_BuildSettings:
    serializedVersion: 2
    agentTypeID: 0
    agentRadius: 0.5
    agentHeight: 2
    agentSlope: 45
    agentClimb: 0.4
    ledgeDropHeight: 0
    maxJumpAcrossDistance: 0
    minRegionArea: 2
    manualCellSize: 0
    cellSize: 0.16666667
    manualTileSize: 0
    tileSize: 256
    accuratePlacement: 0
    maxJobWorkers: 0
    preserveTilesOutsideBounds: 0
    debug:
      m_Flags: 0
  m_NavMeshData: {fileID: 0}
--- !u!1 &6435855
GameObject:
  m_ObjectHideFlags: 0
  m_CorrespondingSourceObject: {fileID: 0}
  m_PrefabInstance: {fileID: 0}
  m_PrefabAsset: {fileID: 0}
  serializedVersion: 6
  m_Component:
  - component: {fileID: 6435858}
  - component: {fileID: 6435857}
  - component: {fileID: 6435856}
  m_Layer: 0
  m_Name: EventSystem
  m_TagString: Untagged
  m_Icon: {fileID: 0}
  m_NavMeshLayer: 0
  m_StaticEditorFlags: 0
  m_IsActive: 1
--- !u!114 &6435856
MonoBehaviour:
  m_ObjectHideFlags: 0
  m_CorrespondingSourceObject: {fileID: 0}
  m_PrefabInstance: {fileID: 0}
  m_PrefabAsset: {fileID: 0}
  m_GameObject: {fileID: 6435855}
  m_Enabled: 1
  m_EditorHideFlags: 0
  m_Script: {fileID: 11500000, guid: 4f231c4fb786f3946a6b90b886c48677, type: 3}
  m_Name: 
  m_EditorClassIdentifier: 
  m_HorizontalAxis: Horizontal
  m_VerticalAxis: Vertical
  m_SubmitButton: Submit
  m_CancelButton: Cancel
  m_InputActionsPerSecond: 10
  m_RepeatDelay: 0.5
  m_ForceModuleActive: 0
--- !u!114 &6435857
MonoBehaviour:
  m_ObjectHideFlags: 0
  m_CorrespondingSourceObject: {fileID: 0}
  m_PrefabInstance: {fileID: 0}
  m_PrefabAsset: {fileID: 0}
  m_GameObject: {fileID: 6435855}
  m_Enabled: 1
  m_EditorHideFlags: 0
  m_Script: {fileID: 11500000, guid: 76c392e42b5098c458856cdf6ecaaaa1, type: 3}
  m_Name: 
  m_EditorClassIdentifier: 
  m_FirstSelected: {fileID: 0}
  m_sendNavigationEvents: 1
  m_DragThreshold: 10
--- !u!4 &6435858
Transform:
  m_ObjectHideFlags: 0
  m_CorrespondingSourceObject: {fileID: 0}
  m_PrefabInstance: {fileID: 0}
  m_PrefabAsset: {fileID: 0}
  m_GameObject: {fileID: 6435855}
  m_LocalRotation: {x: 0, y: 0, z: 0, w: 1}
  m_LocalPosition: {x: 0, y: 0, z: 0}
  m_LocalScale: {x: 1, y: 1, z: 1}
  m_Children: []
  m_Father: {fileID: 0}
  m_RootOrder: 12
  m_LocalEulerAnglesHint: {x: 0, y: 0, z: 0}
--- !u!1 &205659534
GameObject:
  m_ObjectHideFlags: 0
  m_CorrespondingSourceObject: {fileID: 0}
  m_PrefabInstance: {fileID: 0}
  m_PrefabAsset: {fileID: 0}
  serializedVersion: 6
  m_Component:
  - component: {fileID: 205659537}
  - component: {fileID: 205659536}
  - component: {fileID: 205659535}
  - component: {fileID: 205659539}
  - component: {fileID: 205659538}
  - component: {fileID: 205659540}
  m_Layer: 0
  m_Name: Main Camera
  m_TagString: MainCamera
  m_Icon: {fileID: 0}
  m_NavMeshLayer: 0
  m_StaticEditorFlags: 0
  m_IsActive: 1
--- !u!81 &205659535
AudioListener:
  m_ObjectHideFlags: 0
  m_CorrespondingSourceObject: {fileID: 0}
  m_PrefabInstance: {fileID: 0}
  m_PrefabAsset: {fileID: 0}
  m_GameObject: {fileID: 205659534}
  m_Enabled: 1
--- !u!20 &205659536
Camera:
  m_ObjectHideFlags: 0
  m_CorrespondingSourceObject: {fileID: 0}
  m_PrefabInstance: {fileID: 0}
  m_PrefabAsset: {fileID: 0}
  m_GameObject: {fileID: 205659534}
  m_Enabled: 1
  serializedVersion: 2
  m_ClearFlags: 1
  m_BackGroundColor: {r: 0.19215687, g: 0.3019608, b: 0.4745098, a: 0}
  m_projectionMatrixMode: 1
  m_GateFitMode: 2
  m_FOVAxisMode: 0
  m_SensorSize: {x: 36, y: 24}
  m_LensShift: {x: 0, y: 0}
  m_FocalLength: 50
  m_NormalizedViewPortRect:
    serializedVersion: 2
    x: 0
    y: 0
    width: 1
    height: 1
  near clip plane: 0.3
  far clip plane: 1000
  field of view: 60
  orthographic: 0
  orthographic size: 5
  m_Depth: -1
  m_CullingMask:
    serializedVersion: 2
    m_Bits: 4294967295
  m_RenderingPath: -1
  m_TargetTexture: {fileID: 0}
  m_TargetDisplay: 0
  m_TargetEye: 3
  m_HDR: 1
  m_AllowMSAA: 1
  m_AllowDynamicResolution: 0
  m_ForceIntoRT: 0
  m_OcclusionCulling: 1
  m_StereoConvergence: 10
  m_StereoSeparation: 0.022
--- !u!4 &205659537
Transform:
  m_ObjectHideFlags: 0
  m_CorrespondingSourceObject: {fileID: 0}
  m_PrefabInstance: {fileID: 0}
  m_PrefabAsset: {fileID: 0}
  m_GameObject: {fileID: 205659534}
  m_LocalRotation: {x: 0.08130794, y: 0.5250614, z: -0.050482884, w: 0.845666}
  m_LocalPosition: {x: 8.24997, y: 29.5, z: -60.519997}
  m_LocalScale: {x: 1, y: 1, z: 1}
  m_Children: []
  m_Father: {fileID: 0}
  m_RootOrder: 0
  m_LocalEulerAnglesHint: {x: 0, y: 0, z: 0}
--- !u!114 &205659538
MonoBehaviour:
  m_ObjectHideFlags: 0
  m_CorrespondingSourceObject: {fileID: 0}
  m_PrefabInstance: {fileID: 0}
  m_PrefabAsset: {fileID: 0}
  m_GameObject: {fileID: 205659534}
  m_Enabled: 1
  m_EditorHideFlags: 0
  m_Script: {fileID: 11500000, guid: 72ece51f2901e7445ab60da3685d6b5f, type: 3}
  m_Name: 
  m_EditorClassIdentifier: 
  m_ShowDebugText: 0
  m_ShowCameraFrustum: 1
  m_IgnoreTimeScale: 0
  m_WorldUpOverride: {fileID: 0}
  m_UpdateMethod: 2
  m_BlendUpdateMethod: 1
  m_DefaultBlend:
    m_Style: 1
    m_Time: 2
    m_CustomCurve:
      serializedVersion: 2
      m_Curve: []
      m_PreInfinity: 2
      m_PostInfinity: 2
      m_RotationOrder: 4
  m_CustomBlends: {fileID: 0}
  m_CameraCutEvent:
    m_PersistentCalls:
      m_Calls: []
  m_CameraActivatedEvent:
    m_PersistentCalls:
      m_Calls: []
--- !u!114 &205659539
MonoBehaviour:
  m_ObjectHideFlags: 0
  m_CorrespondingSourceObject: {fileID: 0}
  m_PrefabInstance: {fileID: 0}
  m_PrefabAsset: {fileID: 0}
  m_GameObject: {fileID: 205659534}
  m_Enabled: 1
  m_EditorHideFlags: 0
  m_Script: {fileID: 11500000, guid: a79441f348de89743a2939f4d699eac1, type: 3}
  m_Name: 
  m_EditorClassIdentifier: 
  m_RenderShadows: 1
  m_RequiresDepthTextureOption: 2
  m_RequiresOpaqueTextureOption: 2
  m_CameraType: 0
  m_Cameras: []
  m_RendererIndex: -1
  m_VolumeLayerMask:
    serializedVersion: 2
    m_Bits: 1
  m_VolumeTrigger: {fileID: 0}
  m_RenderPostProcessing: 1
  m_Antialiasing: 0
  m_AntialiasingQuality: 2
  m_StopNaN: 0
  m_Dithering: 0
  m_ClearDepth: 1
  m_AllowXRRendering: 1
  m_RequiresDepthTexture: 0
  m_RequiresColorTexture: 0
  m_Version: 2
--- !u!95 &205659540
Animator:
  serializedVersion: 3
  m_ObjectHideFlags: 0
  m_CorrespondingSourceObject: {fileID: 0}
  m_PrefabInstance: {fileID: 0}
  m_PrefabAsset: {fileID: 0}
  m_GameObject: {fileID: 205659534}
  m_Enabled: 1
  m_Avatar: {fileID: 0}
  m_Controller: {fileID: 0}
  m_CullingMode: 0
  m_UpdateMode: 0
  m_ApplyRootMotion: 0
  m_LinearVelocityBlending: 0
  m_WarningMessage: 
  m_HasTransformHierarchy: 1
  m_AllowConstantClipSamplingOptimization: 1
  m_KeepAnimatorControllerStateOnDisable: 0
--- !u!1 &222097504
GameObject:
  m_ObjectHideFlags: 0
  m_CorrespondingSourceObject: {fileID: 0}
  m_PrefabInstance: {fileID: 0}
  m_PrefabAsset: {fileID: 0}
  serializedVersion: 6
  m_Component:
  - component: {fileID: 222097506}
  - component: {fileID: 222097505}
  m_Layer: 0
  m_Name: Global Volume
  m_TagString: Untagged
  m_Icon: {fileID: 0}
  m_NavMeshLayer: 0
  m_StaticEditorFlags: 0
  m_IsActive: 1
--- !u!114 &222097505
MonoBehaviour:
  m_ObjectHideFlags: 0
  m_CorrespondingSourceObject: {fileID: 0}
  m_PrefabInstance: {fileID: 0}
  m_PrefabAsset: {fileID: 0}
  m_GameObject: {fileID: 222097504}
  m_Enabled: 1
  m_EditorHideFlags: 0
  m_Script: {fileID: 11500000, guid: 172515602e62fb746b5d573b38a5fe58, type: 3}
  m_Name: 
  m_EditorClassIdentifier: 
  isGlobal: 1
  priority: 0
  blendDistance: 0
  weight: 1
  sharedProfile: {fileID: 11400000, guid: 356c4dbe16008e645b942325ea738988, type: 2}
--- !u!4 &222097506
Transform:
  m_ObjectHideFlags: 0
  m_CorrespondingSourceObject: {fileID: 0}
  m_PrefabInstance: {fileID: 0}
  m_PrefabAsset: {fileID: 0}
  m_GameObject: {fileID: 222097504}
  m_LocalRotation: {x: 0, y: 0, z: 0, w: 1}
  m_LocalPosition: {x: -128.73222, y: 68.54043, z: 100.21446}
  m_LocalScale: {x: 1, y: 1, z: 1}
  m_Children: []
  m_Father: {fileID: 0}
  m_RootOrder: 7
  m_LocalEulerAnglesHint: {x: 0, y: 0, z: 0}
--- !u!1 &306266155
GameObject:
  m_ObjectHideFlags: 0
  m_CorrespondingSourceObject: {fileID: 0}
  m_PrefabInstance: {fileID: 0}
  m_PrefabAsset: {fileID: 0}
  serializedVersion: 6
  m_Component:
  - component: {fileID: 306266157}
  - component: {fileID: 306266156}
  m_Layer: 0
  m_Name: Audio Source
  m_TagString: Untagged
  m_Icon: {fileID: 0}
  m_NavMeshLayer: 0
  m_StaticEditorFlags: 0
  m_IsActive: 1
--- !u!82 &306266156
AudioSource:
  m_ObjectHideFlags: 0
  m_CorrespondingSourceObject: {fileID: 0}
  m_PrefabInstance: {fileID: 0}
  m_PrefabAsset: {fileID: 0}
  m_GameObject: {fileID: 306266155}
  m_Enabled: 1
  serializedVersion: 4
  OutputAudioMixerGroup: {fileID: 0}
  m_audioClip: {fileID: 8300000, guid: 50b3352b0db8a1c43b3f5debe3d706a4, type: 3}
  m_PlayOnAwake: 1
  m_Volume: 0.2
  m_Pitch: 1
  Loop: 0
  Mute: 0
  Spatialize: 0
  SpatializePostEffects: 0
  Priority: 128
  DopplerLevel: 1
  MinDistance: 1
  MaxDistance: 500
  Pan2D: 0
  rolloffMode: 0
  BypassEffects: 0
  BypassListenerEffects: 0
  BypassReverbZones: 0
  rolloffCustomCurve:
    serializedVersion: 2
    m_Curve:
    - serializedVersion: 3
      time: 0
      value: 1
      inSlope: 0
      outSlope: 0
      tangentMode: 0
      weightedMode: 0
      inWeight: 0.33333334
      outWeight: 0.33333334
    - serializedVersion: 3
      time: 1
      value: 0
      inSlope: 0
      outSlope: 0
      tangentMode: 0
      weightedMode: 0
      inWeight: 0.33333334
      outWeight: 0.33333334
    m_PreInfinity: 2
    m_PostInfinity: 2
    m_RotationOrder: 4
  panLevelCustomCurve:
    serializedVersion: 2
    m_Curve:
    - serializedVersion: 3
      time: 0
      value: 0
      inSlope: 0
      outSlope: 0
      tangentMode: 0
      weightedMode: 0
      inWeight: 0.33333334
      outWeight: 0.33333334
    m_PreInfinity: 2
    m_PostInfinity: 2
    m_RotationOrder: 4
  spreadCustomCurve:
    serializedVersion: 2
    m_Curve:
    - serializedVersion: 3
      time: 0
      value: 0
      inSlope: 0
      outSlope: 0
      tangentMode: 0
      weightedMode: 0
      inWeight: 0.33333334
      outWeight: 0.33333334
    m_PreInfinity: 2
    m_PostInfinity: 2
    m_RotationOrder: 4
  reverbZoneMixCustomCurve:
    serializedVersion: 2
    m_Curve:
    - serializedVersion: 3
      time: 0
      value: 1
      inSlope: 0
      outSlope: 0
      tangentMode: 0
      weightedMode: 0
      inWeight: 0.33333334
      outWeight: 0.33333334
    m_PreInfinity: 2
    m_PostInfinity: 2
    m_RotationOrder: 4
--- !u!4 &306266157
Transform:
  m_ObjectHideFlags: 0
  m_CorrespondingSourceObject: {fileID: 0}
  m_PrefabInstance: {fileID: 0}
  m_PrefabAsset: {fileID: 0}
  m_GameObject: {fileID: 306266155}
  m_LocalRotation: {x: 0, y: 0, z: 0, w: 1}
  m_LocalPosition: {x: 30.675663, y: 11.088276, z: -33.166115}
  m_LocalScale: {x: 1, y: 1, z: 1}
  m_Children: []
  m_Father: {fileID: 0}
  m_RootOrder: 10
  m_LocalEulerAnglesHint: {x: 0, y: 0, z: 0}
--- !u!1 &490093867
GameObject:
  m_ObjectHideFlags: 0
  m_CorrespondingSourceObject: {fileID: 0}
  m_PrefabInstance: {fileID: 0}
  m_PrefabAsset: {fileID: 0}
  serializedVersion: 6
  m_Component:
  - component: {fileID: 490093869}
  - component: {fileID: 490093868}
  m_Layer: 0
  m_Name: DollyTrack1
  m_TagString: Untagged
  m_Icon: {fileID: 6519382022992737161, guid: 0000000000000000d000000000000000, type: 0}
  m_NavMeshLayer: 0
  m_StaticEditorFlags: 0
  m_IsActive: 1
--- !u!114 &490093868
MonoBehaviour:
  m_ObjectHideFlags: 0
  m_CorrespondingSourceObject: {fileID: 0}
  m_PrefabInstance: {fileID: 0}
  m_PrefabAsset: {fileID: 0}
  m_GameObject: {fileID: 490093867}
  m_Enabled: 1
  m_EditorHideFlags: 0
  m_Script: {fileID: 11500000, guid: a200b19ca1a9685429ed7e043c28e904, type: 3}
  m_Name: 
  m_EditorClassIdentifier: 
  m_Resolution: 20
  m_Appearance:
    pathColor: {r: 0, g: 1, b: 0, a: 1}
    inactivePathColor: {r: 0.5, g: 0.5, b: 0.5, a: 1}
    width: 0.2
  m_Looped: 0
  m_Waypoints:
  - position: {x: 0, y: 0, z: -5}
    roll: 0
  - position: {x: -1.9669901, y: 0.15956497, z: 1.9442742}
    roll: 0
  - position: {x: -9.002983, y: -2.1086502, z: 10.661105}
    roll: 0
  - position: {x: -21.995237, y: -4.3768654, z: 15.84138}
    roll: 0
  - position: {x: -40.425575, y: -6.6450806, z: 17.522047}
    roll: 0
--- !u!4 &490093869
Transform:
  m_ObjectHideFlags: 0
  m_CorrespondingSourceObject: {fileID: 0}
  m_PrefabInstance: {fileID: 0}
  m_PrefabAsset: {fileID: 0}
  m_GameObject: {fileID: 490093867}
  m_LocalRotation: {x: -0, y: 1, z: -0, w: 0.0000029504295}
  m_LocalPosition: {x: 8.25, y: 29.5, z: -65.52}
  m_LocalScale: {x: 1, y: 1, z: 1}
  m_Children: []
  m_Father: {fileID: 0}
  m_RootOrder: 9
  m_LocalEulerAnglesHint: {x: 0, y: 180, z: 0}
--- !u!1 &496338643
GameObject:
  m_ObjectHideFlags: 0
  m_CorrespondingSourceObject: {fileID: 0}
  m_PrefabInstance: {fileID: 0}
  m_PrefabAsset: {fileID: 0}
  serializedVersion: 6
  m_Component:
  - component: {fileID: 496338647}
  - component: {fileID: 496338646}
  - component: {fileID: 496338645}
  - component: {fileID: 496338644}
  m_Layer: 5
  m_Name: Canvas
  m_TagString: Untagged
  m_Icon: {fileID: 0}
  m_NavMeshLayer: 0
  m_StaticEditorFlags: 0
  m_IsActive: 1
--- !u!114 &496338644
MonoBehaviour:
  m_ObjectHideFlags: 0
  m_CorrespondingSourceObject: {fileID: 0}
  m_PrefabInstance: {fileID: 0}
  m_PrefabAsset: {fileID: 0}
  m_GameObject: {fileID: 496338643}
  m_Enabled: 1
  m_EditorHideFlags: 0
  m_Script: {fileID: 11500000, guid: dc42784cf147c0c48a680349fa168899, type: 3}
  m_Name: 
  m_EditorClassIdentifier: 
  m_IgnoreReversedGraphics: 1
  m_BlockingObjects: 0
  m_BlockingMask:
    serializedVersion: 2
    m_Bits: 4294967295
--- !u!114 &496338645
MonoBehaviour:
  m_ObjectHideFlags: 0
  m_CorrespondingSourceObject: {fileID: 0}
  m_PrefabInstance: {fileID: 0}
  m_PrefabAsset: {fileID: 0}
  m_GameObject: {fileID: 496338643}
  m_Enabled: 1
  m_EditorHideFlags: 0
  m_Script: {fileID: 11500000, guid: 0cd44c1031e13a943bb63640046fad76, type: 3}
  m_Name: 
  m_EditorClassIdentifier: 
  m_UiScaleMode: 1
  m_ReferencePixelsPerUnit: 100
  m_ScaleFactor: 1
  m_ReferenceResolution: {x: 1920, y: 1080}
  m_ScreenMatchMode: 0
  m_MatchWidthOrHeight: 0
  m_PhysicalUnit: 3
  m_FallbackScreenDPI: 96
  m_DefaultSpriteDPI: 96
  m_DynamicPixelsPerUnit: 1
  m_PresetInfoIsWorld: 0
--- !u!223 &496338646
Canvas:
  m_ObjectHideFlags: 0
  m_CorrespondingSourceObject: {fileID: 0}
  m_PrefabInstance: {fileID: 0}
  m_PrefabAsset: {fileID: 0}
  m_GameObject: {fileID: 496338643}
  m_Enabled: 1
  serializedVersion: 3
  m_RenderMode: 0
  m_Camera: {fileID: 0}
  m_PlaneDistance: 100
  m_PixelPerfect: 0
  m_ReceivesEvents: 1
  m_OverrideSorting: 0
  m_OverridePixelPerfect: 0
  m_SortingBucketNormalizedSize: 0
  m_AdditionalShaderChannelsFlag: 0
  m_SortingLayerID: 0
  m_SortingOrder: 0
  m_TargetDisplay: 0
--- !u!224 &496338647
RectTransform:
  m_ObjectHideFlags: 0
  m_CorrespondingSourceObject: {fileID: 0}
  m_PrefabInstance: {fileID: 0}
  m_PrefabAsset: {fileID: 0}
  m_GameObject: {fileID: 496338643}
  m_LocalRotation: {x: 0, y: 0, z: 0, w: 1}
  m_LocalPosition: {x: 0, y: 0, z: 0}
  m_LocalScale: {x: 0, y: 0, z: 0}
  m_Children:
  - {fileID: 1926588192}
  m_Father: {fileID: 0}
  m_RootOrder: 11
  m_LocalEulerAnglesHint: {x: 0, y: 0, z: 0}
  m_AnchorMin: {x: 0, y: 0}
  m_AnchorMax: {x: 0, y: 0}
  m_AnchoredPosition: {x: 0, y: 0}
  m_SizeDelta: {x: 0, y: 0}
  m_Pivot: {x: 0, y: 0}
--- !u!1001 &617751467
PrefabInstance:
  m_ObjectHideFlags: 0
  serializedVersion: 2
  m_Modification:
    m_TransformParent: {fileID: 0}
    m_Modifications:
    - target: {fileID: -8679921383154817045, guid: 4ee3342454f1c1542bf65ababc177321,
        type: 3}
      propertyPath: m_RootOrder
      value: 1
      objectReference: {fileID: 0}
    - target: {fileID: -8679921383154817045, guid: 4ee3342454f1c1542bf65ababc177321,
        type: 3}
      propertyPath: m_LocalScale.x
      value: 7.5477366
      objectReference: {fileID: 0}
    - target: {fileID: -8679921383154817045, guid: 4ee3342454f1c1542bf65ababc177321,
        type: 3}
      propertyPath: m_LocalScale.y
      value: 7.5477366
      objectReference: {fileID: 0}
    - target: {fileID: -8679921383154817045, guid: 4ee3342454f1c1542bf65ababc177321,
        type: 3}
      propertyPath: m_LocalScale.z
      value: 60.000004
      objectReference: {fileID: 0}
    - target: {fileID: -8679921383154817045, guid: 4ee3342454f1c1542bf65ababc177321,
        type: 3}
      propertyPath: m_LocalPosition.x
      value: 39.1
      objectReference: {fileID: 0}
    - target: {fileID: -8679921383154817045, guid: 4ee3342454f1c1542bf65ababc177321,
        type: 3}
      propertyPath: m_LocalPosition.y
      value: 23.47
      objectReference: {fileID: 0}
    - target: {fileID: -8679921383154817045, guid: 4ee3342454f1c1542bf65ababc177321,
        type: 3}
      propertyPath: m_LocalPosition.z
      value: -64.29
      objectReference: {fileID: 0}
    - target: {fileID: -8679921383154817045, guid: 4ee3342454f1c1542bf65ababc177321,
        type: 3}
      propertyPath: m_LocalRotation.w
      value: 0.7071067
      objectReference: {fileID: 0}
    - target: {fileID: -8679921383154817045, guid: 4ee3342454f1c1542bf65ababc177321,
        type: 3}
      propertyPath: m_LocalRotation.x
      value: -0.7071068
      objectReference: {fileID: 0}
    - target: {fileID: -8679921383154817045, guid: 4ee3342454f1c1542bf65ababc177321,
        type: 3}
      propertyPath: m_LocalRotation.y
      value: 0
      objectReference: {fileID: 0}
    - target: {fileID: -8679921383154817045, guid: 4ee3342454f1c1542bf65ababc177321,
        type: 3}
      propertyPath: m_LocalRotation.z
      value: -0
      objectReference: {fileID: 0}
    - target: {fileID: -8679921383154817045, guid: 4ee3342454f1c1542bf65ababc177321,
        type: 3}
      propertyPath: m_LocalEulerAnglesHint.x
      value: 0
      objectReference: {fileID: 0}
    - target: {fileID: -8679921383154817045, guid: 4ee3342454f1c1542bf65ababc177321,
        type: 3}
      propertyPath: m_LocalEulerAnglesHint.y
      value: 0
      objectReference: {fileID: 0}
    - target: {fileID: -8679921383154817045, guid: 4ee3342454f1c1542bf65ababc177321,
        type: 3}
      propertyPath: m_LocalEulerAnglesHint.z
      value: 0
      objectReference: {fileID: 0}
    - target: {fileID: -7511558181221131132, guid: 4ee3342454f1c1542bf65ababc177321,
        type: 3}
      propertyPath: m_Materials.Array.data[0]
      value: 
      objectReference: {fileID: 2100000, guid: c3ee52555bb37304a8372fbe4b6dd4c3, type: 2}
    - target: {fileID: 919132149155446097, guid: 4ee3342454f1c1542bf65ababc177321,
        type: 3}
      propertyPath: m_Name
      value: rails
      objectReference: {fileID: 0}
    m_RemovedComponents: []
  m_SourcePrefab: {fileID: 100100000, guid: 4ee3342454f1c1542bf65ababc177321, type: 3}
--- !u!1 &634971022
GameObject:
  m_ObjectHideFlags: 0
  m_CorrespondingSourceObject: {fileID: 0}
  m_PrefabInstance: {fileID: 0}
  m_PrefabAsset: {fileID: 0}
  serializedVersion: 6
  m_Component:
  - component: {fileID: 634971024}
  - component: {fileID: 634971023}
  - component: {fileID: 634971025}
  m_Layer: 0
  m_Name: CM vcam1
  m_TagString: Untagged
  m_Icon: {fileID: 0}
  m_NavMeshLayer: 0
  m_StaticEditorFlags: 0
  m_IsActive: 1
--- !u!114 &634971023
MonoBehaviour:
  m_ObjectHideFlags: 0
  m_CorrespondingSourceObject: {fileID: 0}
  m_PrefabInstance: {fileID: 0}
  m_PrefabAsset: {fileID: 0}
  m_GameObject: {fileID: 634971022}
  m_Enabled: 1
  m_EditorHideFlags: 0
  m_Script: {fileID: 11500000, guid: 45e653bab7fb20e499bda25e1b646fea, type: 3}
  m_Name: 
  m_EditorClassIdentifier: 
  m_ExcludedPropertiesInInspector:
  - m_Script
  m_LockStageInInspector: 
  m_StreamingVersion: 20170927
  m_Priority: 10
  m_StandbyUpdate: 2
  m_LookAt: {fileID: 1299181870}
  m_Follow: {fileID: 0}
  m_Lens:
    FieldOfView: 60
    OrthographicSize: 5
    NearClipPlane: 0.3
    FarClipPlane: 1000
    Dutch: 0
    LensShift: {x: 0, y: 0}
  m_Transitions:
    m_BlendHint: 0
    m_InheritPosition: 0
    m_OnCameraLive:
      m_PersistentCalls:
        m_Calls: []
  m_LegacyBlendHint: 0
  m_ComponentOwner: {fileID: 1830406508}
--- !u!4 &634971024
Transform:
  m_ObjectHideFlags: 0
  m_CorrespondingSourceObject: {fileID: 0}
  m_PrefabInstance: {fileID: 0}
  m_PrefabAsset: {fileID: 0}
  m_GameObject: {fileID: 634971022}
  m_LocalRotation: {x: 0.08130794, y: 0.5250614, z: -0.050482884, w: 0.845666}
  m_LocalPosition: {x: -10.603668, y: 110.33069, z: -71.34671}
  m_LocalScale: {x: 1, y: 1, z: 1}
  m_Children:
  - {fileID: 1830406508}
  m_Father: {fileID: 0}
  m_RootOrder: 6
  m_LocalEulerAnglesHint: {x: 0, y: 0, z: 0}
--- !u!95 &634971025
Animator:
  serializedVersion: 3
  m_ObjectHideFlags: 0
  m_CorrespondingSourceObject: {fileID: 0}
  m_PrefabInstance: {fileID: 0}
  m_PrefabAsset: {fileID: 0}
  m_GameObject: {fileID: 634971022}
  m_Enabled: 1
  m_Avatar: {fileID: 0}
  m_Controller: {fileID: 0}
  m_CullingMode: 0
  m_UpdateMode: 0
  m_ApplyRootMotion: 0
  m_LinearVelocityBlending: 0
  m_WarningMessage: 
  m_HasTransformHierarchy: 1
  m_AllowConstantClipSamplingOptimization: 1
  m_KeepAnimatorControllerStateOnDisable: 0
--- !u!1 &806661358
GameObject:
  m_ObjectHideFlags: 0
  m_CorrespondingSourceObject: {fileID: 0}
  m_PrefabInstance: {fileID: 0}
  m_PrefabAsset: {fileID: 0}
  serializedVersion: 6
  m_Component:
  - component: {fileID: 806661360}
  - component: {fileID: 806661359}
  m_Layer: 0
  m_Name: Transition
  m_TagString: Untagged
  m_Icon: {fileID: 0}
  m_NavMeshLayer: 0
  m_StaticEditorFlags: 0
  m_IsActive: 0
--- !u!114 &806661359
MonoBehaviour:
  m_ObjectHideFlags: 0
  m_CorrespondingSourceObject: {fileID: 0}
  m_PrefabInstance: {fileID: 0}
  m_PrefabAsset: {fileID: 0}
  m_GameObject: {fileID: 806661358}
  m_Enabled: 1
  m_EditorHideFlags: 0
  m_Script: {fileID: 11500000, guid: a06fa329c2a1a534094587415aca825c, type: 3}
  m_Name: 
  m_EditorClassIdentifier: 
  buildIndex: 1
--- !u!4 &806661360
Transform:
  m_ObjectHideFlags: 0
  m_CorrespondingSourceObject: {fileID: 0}
  m_PrefabInstance: {fileID: 0}
  m_PrefabAsset: {fileID: 0}
  m_GameObject: {fileID: 806661358}
  m_LocalRotation: {x: 0, y: 0, z: 0, w: 1}
  m_LocalPosition: {x: 16.191761, y: -82.007324, z: 60.236275}
  m_LocalScale: {x: 1, y: 1, z: 1}
  m_Children: []
  m_Father: {fileID: 0}
  m_RootOrder: 14
  m_LocalEulerAnglesHint: {x: 0, y: 0, z: 0}
--- !u!1001 &893297251
PrefabInstance:
  m_ObjectHideFlags: 0
  serializedVersion: 2
  m_Modification:
    m_TransformParent: {fileID: 0}
    m_Modifications:
    - target: {fileID: -8679921383154817045, guid: 3d2ca928ec1011a4abe9b3dea6128d4b,
        type: 3}
      propertyPath: m_RootOrder
      value: 2
      objectReference: {fileID: 0}
    - target: {fileID: -8679921383154817045, guid: 3d2ca928ec1011a4abe9b3dea6128d4b,
        type: 3}
      propertyPath: m_LocalScale.x
      value: 1.4583
      objectReference: {fileID: 0}
    - target: {fileID: -8679921383154817045, guid: 3d2ca928ec1011a4abe9b3dea6128d4b,
        type: 3}
      propertyPath: m_LocalScale.y
      value: 1.4583
      objectReference: {fileID: 0}
    - target: {fileID: -8679921383154817045, guid: 3d2ca928ec1011a4abe9b3dea6128d4b,
        type: 3}
      propertyPath: m_LocalScale.z
      value: 1.4583
      objectReference: {fileID: 0}
    - target: {fileID: -8679921383154817045, guid: 3d2ca928ec1011a4abe9b3dea6128d4b,
        type: 3}
      propertyPath: m_LocalPosition.x
      value: 170.2
      objectReference: {fileID: 0}
    - target: {fileID: -8679921383154817045, guid: 3d2ca928ec1011a4abe9b3dea6128d4b,
        type: 3}
      propertyPath: m_LocalPosition.y
      value: 8.083634
      objectReference: {fileID: 0}
    - target: {fileID: -8679921383154817045, guid: 3d2ca928ec1011a4abe9b3dea6128d4b,
        type: 3}
      propertyPath: m_LocalPosition.z
      value: -84.52
      objectReference: {fileID: 0}
    - target: {fileID: -8679921383154817045, guid: 3d2ca928ec1011a4abe9b3dea6128d4b,
        type: 3}
      propertyPath: m_LocalRotation.w
      value: 0.788102
      objectReference: {fileID: 0}
    - target: {fileID: -8679921383154817045, guid: 3d2ca928ec1011a4abe9b3dea6128d4b,
        type: 3}
      propertyPath: m_LocalRotation.x
      value: 0.04241028
      objectReference: {fileID: 0}
    - target: {fileID: -8679921383154817045, guid: 3d2ca928ec1011a4abe9b3dea6128d4b,
        type: 3}
      propertyPath: m_LocalRotation.y
      value: -0.6069839
      objectReference: {fileID: 0}
    - target: {fileID: -8679921383154817045, guid: 3d2ca928ec1011a4abe9b3dea6128d4b,
        type: 3}
      propertyPath: m_LocalRotation.z
      value: 0.09309849
      objectReference: {fileID: 0}
    - target: {fileID: -8679921383154817045, guid: 3d2ca928ec1011a4abe9b3dea6128d4b,
        type: 3}
      propertyPath: m_LocalEulerAnglesHint.x
      value: 10.362
      objectReference: {fileID: 0}
    - target: {fileID: -8679921383154817045, guid: 3d2ca928ec1011a4abe9b3dea6128d4b,
        type: 3}
      propertyPath: m_LocalEulerAnglesHint.y
      value: -74.702
      objectReference: {fileID: 0}
    - target: {fileID: -8679921383154817045, guid: 3d2ca928ec1011a4abe9b3dea6128d4b,
        type: 3}
      propertyPath: m_LocalEulerAnglesHint.z
      value: 5.557
      objectReference: {fileID: 0}
    - target: {fileID: -3216998209466556742, guid: 3d2ca928ec1011a4abe9b3dea6128d4b,
        type: 3}
      propertyPath: m_Materials.Array.data[0]
      value: 
      objectReference: {fileID: 2100000, guid: aa088bf71c893b14ba6ffdff946fc093, type: 2}
    - target: {fileID: -1684107799473140416, guid: 3d2ca928ec1011a4abe9b3dea6128d4b,
        type: 3}
      propertyPath: m_Materials.Array.data[0]
      value: 
      objectReference: {fileID: 2100000, guid: aa088bf71c893b14ba6ffdff946fc093, type: 2}
    - target: {fileID: 919132149155446097, guid: 3d2ca928ec1011a4abe9b3dea6128d4b,
        type: 3}
      propertyPath: m_Name
      value: batiscaf (5)
      objectReference: {fileID: 0}
    - target: {fileID: 2915357609019638705, guid: 3d2ca928ec1011a4abe9b3dea6128d4b,
        type: 3}
      propertyPath: m_Materials.Array.data[0]
      value: 
      objectReference: {fileID: 2100000, guid: aa088bf71c893b14ba6ffdff946fc093, type: 2}
    - target: {fileID: 4008791811287642139, guid: 3d2ca928ec1011a4abe9b3dea6128d4b,
        type: 3}
      propertyPath: m_Materials.Array.data[0]
      value: 
      objectReference: {fileID: 2100000, guid: aa088bf71c893b14ba6ffdff946fc093, type: 2}
    - target: {fileID: 6317578925029434746, guid: 3d2ca928ec1011a4abe9b3dea6128d4b,
        type: 3}
      propertyPath: m_Materials.Array.data[0]
      value: 
      objectReference: {fileID: 2100000, guid: 70818a2dd4b205b488087aae1fd848e7, type: 2}
    - target: {fileID: 6829333093618665122, guid: 3d2ca928ec1011a4abe9b3dea6128d4b,
        type: 3}
      propertyPath: m_Materials.Array.data[0]
      value: 
      objectReference: {fileID: 2100000, guid: aa088bf71c893b14ba6ffdff946fc093, type: 2}
    - target: {fileID: 8100320773420232829, guid: 3d2ca928ec1011a4abe9b3dea6128d4b,
        type: 3}
      propertyPath: m_Materials.Array.data[0]
      value: 
      objectReference: {fileID: 2100000, guid: 97ba9698167659242aad574c729a404f, type: 2}
    - target: {fileID: 8730303016566787287, guid: 3d2ca928ec1011a4abe9b3dea6128d4b,
        type: 3}
      propertyPath: m_Materials.Array.data[0]
      value: 
      objectReference: {fileID: 2100000, guid: aa088bf71c893b14ba6ffdff946fc093, type: 2}
    m_RemovedComponents: []
  m_SourcePrefab: {fileID: 100100000, guid: 3d2ca928ec1011a4abe9b3dea6128d4b, type: 3}
--- !u!1 &893297252 stripped
GameObject:
  m_CorrespondingSourceObject: {fileID: 919132149155446097, guid: 3d2ca928ec1011a4abe9b3dea6128d4b,
    type: 3}
  m_PrefabInstance: {fileID: 893297251}
  m_PrefabAsset: {fileID: 0}
--- !u!95 &893297253
Animator:
  serializedVersion: 3
  m_ObjectHideFlags: 0
  m_CorrespondingSourceObject: {fileID: 0}
  m_PrefabInstance: {fileID: 0}
  m_PrefabAsset: {fileID: 0}
  m_GameObject: {fileID: 893297252}
  m_Enabled: 1
  m_Avatar: {fileID: 0}
  m_Controller: {fileID: 0}
  m_CullingMode: 0
  m_UpdateMode: 0
  m_ApplyRootMotion: 0
  m_LinearVelocityBlending: 0
  m_WarningMessage: 
  m_HasTransformHierarchy: 1
  m_AllowConstantClipSamplingOptimization: 1
  m_KeepAnimatorControllerStateOnDisable: 0
--- !u!1 &1071666962
GameObject:
  m_ObjectHideFlags: 0
  m_CorrespondingSourceObject: {fileID: 0}
  m_PrefabInstance: {fileID: 0}
  m_PrefabAsset: {fileID: 0}
  serializedVersion: 6
  m_Component:
  - component: {fileID: 1071666963}
  - component: {fileID: 1071666965}
  - component: {fileID: 1071666964}
  m_Layer: 0
  m_Name: timeline
  m_TagString: Untagged
  m_Icon: {fileID: 0}
  m_NavMeshLayer: 0
  m_StaticEditorFlags: 0
  m_IsActive: 1
--- !u!4 &1071666963
Transform:
  m_ObjectHideFlags: 0
  m_CorrespondingSourceObject: {fileID: 0}
  m_PrefabInstance: {fileID: 0}
  m_PrefabAsset: {fileID: 0}
  m_GameObject: {fileID: 1071666962}
  m_LocalRotation: {x: 0, y: 0, z: 0, w: 1}
  m_LocalPosition: {x: 0, y: 0, z: 0}
  m_LocalScale: {x: 1, y: 1, z: 1}
  m_Children: []
  m_Father: {fileID: 0}
  m_RootOrder: 8
  m_LocalEulerAnglesHint: {x: 0, y: 0, z: 0}
--- !u!95 &1071666964
Animator:
  serializedVersion: 3
  m_ObjectHideFlags: 0
  m_CorrespondingSourceObject: {fileID: 0}
  m_PrefabInstance: {fileID: 0}
  m_PrefabAsset: {fileID: 0}
  m_GameObject: {fileID: 1071666962}
  m_Enabled: 1
  m_Avatar: {fileID: 0}
  m_Controller: {fileID: 0}
  m_CullingMode: 0
  m_UpdateMode: 0
  m_ApplyRootMotion: 0
  m_LinearVelocityBlending: 0
  m_WarningMessage: 
  m_HasTransformHierarchy: 1
  m_AllowConstantClipSamplingOptimization: 1
  m_KeepAnimatorControllerStateOnDisable: 0
--- !u!320 &1071666965
PlayableDirector:
  m_ObjectHideFlags: 0
  m_CorrespondingSourceObject: {fileID: 0}
  m_PrefabInstance: {fileID: 0}
  m_PrefabAsset: {fileID: 0}
  m_GameObject: {fileID: 1071666962}
  m_Enabled: 1
  serializedVersion: 3
  m_PlayableAsset: {fileID: 11400000, guid: 1b083a361932d9540a0a480ba4a1ff36, type: 2}
  m_InitialState: 1
  m_WrapMode: 2
  m_DirectorUpdateMode: 1
  m_InitialTime: 0
  m_SceneBindings:
  - key: {fileID: 8322665143292151152, guid: 1b083a361932d9540a0a480ba4a1ff36, type: 2}
    value: {fileID: 1071666964}
  - key: {fileID: -6805455068627578834, guid: 1b083a361932d9540a0a480ba4a1ff36, type: 2}
    value: {fileID: 2001065280}
  - key: {fileID: 3110942500818632725, guid: 1b083a361932d9540a0a480ba4a1ff36, type: 2}
    value: {fileID: 1299181869}
  - key: {fileID: -8036653931602049204, guid: 1b083a361932d9540a0a480ba4a1ff36, type: 2}
    value: {fileID: 205659538}
  - key: {fileID: -281748385359053037, guid: 1b083a361932d9540a0a480ba4a1ff36, type: 2}
    value: {fileID: 634971025}
  - key: {fileID: -2031305764455126309, guid: 1b083a361932d9540a0a480ba4a1ff36, type: 2}
    value: {fileID: 893297253}
  - key: {fileID: 3617645001195339500, guid: 1b083a361932d9540a0a480ba4a1ff36, type: 2}
    value: {fileID: 306266156}
  - key: {fileID: -870603744678531264, guid: 1b083a361932d9540a0a480ba4a1ff36, type: 2}
    value: {fileID: 1926588193}
  - key: {fileID: 8705349717577121869, guid: 1b083a361932d9540a0a480ba4a1ff36, type: 2}
    value: {fileID: 1732039225}
  - key: {fileID: 3156218742439479468, guid: 1b083a361932d9540a0a480ba4a1ff36, type: 2}
    value: {fileID: 806661358}
  m_ExposedReferences:
    m_References:
    - 60d7ff411e119564fac9c346a2538326: {fileID: 0}
    - ddf92ad053f3b414888f62157161f790: {fileID: 634971023}
--- !u!1 &1299181868
GameObject:
  m_ObjectHideFlags: 0
  m_CorrespondingSourceObject: {fileID: 0}
  m_PrefabInstance: {fileID: 0}
  m_PrefabAsset: {fileID: 0}
  serializedVersion: 6
  m_Component:
  - component: {fileID: 1299181870}
  - component: {fileID: 1299181869}
  m_Layer: 0
  m_Name: GameObject
  m_TagString: Untagged
  m_Icon: {fileID: 0}
  m_NavMeshLayer: 0
  m_StaticEditorFlags: 0
  m_IsActive: 1
--- !u!95 &1299181869
Animator:
  serializedVersion: 3
  m_ObjectHideFlags: 0
  m_CorrespondingSourceObject: {fileID: 0}
  m_PrefabInstance: {fileID: 0}
  m_PrefabAsset: {fileID: 0}
  m_GameObject: {fileID: 1299181868}
  m_Enabled: 1
  m_Avatar: {fileID: 0}
  m_Controller: {fileID: 0}
  m_CullingMode: 0
  m_UpdateMode: 0
  m_ApplyRootMotion: 0
  m_LinearVelocityBlending: 0
  m_WarningMessage: 
  m_HasTransformHierarchy: 1
  m_AllowConstantClipSamplingOptimization: 1
  m_KeepAnimatorControllerStateOnDisable: 0
--- !u!4 &1299181870
Transform:
  m_ObjectHideFlags: 0
  m_CorrespondingSourceObject: {fileID: 0}
  m_PrefabInstance: {fileID: 0}
  m_PrefabAsset: {fileID: 0}
  m_GameObject: {fileID: 1299181868}
  m_LocalRotation: {x: 0, y: 0, z: 0, w: 1}
  m_LocalPosition: {x: 34.68608, y: 23.775208, z: -47.437836}
  m_LocalScale: {x: 1, y: 1, z: 1}
  m_Children:
  - {fileID: 2001065281}
  m_Father: {fileID: 0}
  m_RootOrder: 3
  m_LocalEulerAnglesHint: {x: 0, y: 0, z: 0}
--- !u!1001 &1640439738
PrefabInstance:
  m_ObjectHideFlags: 0
  serializedVersion: 2
  m_Modification:
    m_TransformParent: {fileID: 0}
    m_Modifications:
    - target: {fileID: 1285608680026715525, guid: 0922d271622bb1d4dabcb20e902cde80,
        type: 3}
      propertyPath: m_LocalScale.y
      value: 665.5417
      objectReference: {fileID: 0}
    - target: {fileID: 1285608680026715525, guid: 0922d271622bb1d4dabcb20e902cde80,
        type: 3}
      propertyPath: m_LocalPosition.x
      value: 11.08
      objectReference: {fileID: 0}
    - target: {fileID: 1285608680026715525, guid: 0922d271622bb1d4dabcb20e902cde80,
        type: 3}
      propertyPath: m_LocalPosition.z
      value: -17.7582
      objectReference: {fileID: 0}
    - target: {fileID: 2140682843919744420, guid: 0922d271622bb1d4dabcb20e902cde80,
        type: 3}
      propertyPath: m_LocalScale.x
      value: 32.505177
      objectReference: {fileID: 0}
    - target: {fileID: 2140682843919744420, guid: 0922d271622bb1d4dabcb20e902cde80,
        type: 3}
      propertyPath: m_LocalPosition.x
      value: 9.74
      objectReference: {fileID: 0}
    - target: {fileID: 2140682843919744420, guid: 0922d271622bb1d4dabcb20e902cde80,
        type: 3}
      propertyPath: m_LocalPosition.z
      value: -23.3568
      objectReference: {fileID: 0}
    - target: {fileID: 2506145983546809524, guid: 0922d271622bb1d4dabcb20e902cde80,
        type: 3}
      propertyPath: m_LocalPosition.x
      value: 11.12
      objectReference: {fileID: 0}
    - target: {fileID: 2506145983546809524, guid: 0922d271622bb1d4dabcb20e902cde80,
        type: 3}
      propertyPath: m_LocalPosition.z
      value: -17.87
      objectReference: {fileID: 0}
    - target: {fileID: 2557730679278212180, guid: 0922d271622bb1d4dabcb20e902cde80,
        type: 3}
      propertyPath: m_LocalPosition.x
      value: 8.69
      objectReference: {fileID: 0}
    - target: {fileID: 2557730679278212180, guid: 0922d271622bb1d4dabcb20e902cde80,
        type: 3}
      propertyPath: m_LocalPosition.z
      value: -17.87
      objectReference: {fileID: 0}
    - target: {fileID: 3571659896655056476, guid: 0922d271622bb1d4dabcb20e902cde80,
        type: 3}
      propertyPath: m_LocalScale.y
      value: 665.5417
      objectReference: {fileID: 0}
    - target: {fileID: 3571659896655056476, guid: 0922d271622bb1d4dabcb20e902cde80,
        type: 3}
      propertyPath: m_LocalPosition.x
      value: 10.42
      objectReference: {fileID: 0}
    - target: {fileID: 3571659896655056476, guid: 0922d271622bb1d4dabcb20e902cde80,
        type: 3}
      propertyPath: m_LocalPosition.z
      value: -17.7582
      objectReference: {fileID: 0}
    - target: {fileID: 3595787775966381473, guid: 0922d271622bb1d4dabcb20e902cde80,
        type: 3}
      propertyPath: m_LocalPosition.x
      value: 8.69
      objectReference: {fileID: 0}
    - target: {fileID: 3595787775966381473, guid: 0922d271622bb1d4dabcb20e902cde80,
        type: 3}
      propertyPath: m_LocalPosition.z
      value: -22.53
      objectReference: {fileID: 0}
    - target: {fileID: 4377632170590076810, guid: 0922d271622bb1d4dabcb20e902cde80,
        type: 3}
      propertyPath: m_LocalScale.y
      value: 665.5417
      objectReference: {fileID: 0}
    - target: {fileID: 4377632170590076810, guid: 0922d271622bb1d4dabcb20e902cde80,
        type: 3}
      propertyPath: m_LocalPosition.x
      value: 8.37
      objectReference: {fileID: 0}
    - target: {fileID: 4377632170590076810, guid: 0922d271622bb1d4dabcb20e902cde80,
        type: 3}
      propertyPath: m_LocalPosition.z
      value: -17.7582
      objectReference: {fileID: 0}
    - target: {fileID: 4935965148804915988, guid: 0922d271622bb1d4dabcb20e902cde80,
        type: 3}
      propertyPath: m_LocalScale.x
      value: 32.505177
      objectReference: {fileID: 0}
    - target: {fileID: 4935965148804915988, guid: 0922d271622bb1d4dabcb20e902cde80,
        type: 3}
      propertyPath: m_LocalPosition.x
      value: 9.74
      objectReference: {fileID: 0}
    - target: {fileID: 4935965148804915988, guid: 0922d271622bb1d4dabcb20e902cde80,
        type: 3}
      propertyPath: m_LocalPosition.z
      value: -18.3684
      objectReference: {fileID: 0}
    - target: {fileID: 5183596592734689224, guid: 0922d271622bb1d4dabcb20e902cde80,
        type: 3}
      propertyPath: m_LocalScale.y
      value: 665.5417
      objectReference: {fileID: 0}
    - target: {fileID: 5183596592734689224, guid: 0922d271622bb1d4dabcb20e902cde80,
        type: 3}
      propertyPath: m_LocalPosition.x
      value: 9.74
      objectReference: {fileID: 0}
    - target: {fileID: 5183596592734689224, guid: 0922d271622bb1d4dabcb20e902cde80,
        type: 3}
      propertyPath: m_LocalPosition.z
      value: -17.7582
      objectReference: {fileID: 0}
    - target: {fileID: 5360267588362257374, guid: 0922d271622bb1d4dabcb20e902cde80,
        type: 3}
      propertyPath: m_RootOrder
      value: 4
      objectReference: {fileID: 0}
    - target: {fileID: 5360267588362257374, guid: 0922d271622bb1d4dabcb20e902cde80,
        type: 3}
      propertyPath: m_LocalPosition.x
      value: 0
      objectReference: {fileID: 0}
    - target: {fileID: 5360267588362257374, guid: 0922d271622bb1d4dabcb20e902cde80,
        type: 3}
      propertyPath: m_LocalPosition.y
      value: 0
      objectReference: {fileID: 0}
    - target: {fileID: 5360267588362257374, guid: 0922d271622bb1d4dabcb20e902cde80,
        type: 3}
      propertyPath: m_LocalPosition.z
      value: 0
      objectReference: {fileID: 0}
    - target: {fileID: 5360267588362257374, guid: 0922d271622bb1d4dabcb20e902cde80,
        type: 3}
      propertyPath: m_LocalRotation.w
      value: 1
      objectReference: {fileID: 0}
    - target: {fileID: 5360267588362257374, guid: 0922d271622bb1d4dabcb20e902cde80,
        type: 3}
      propertyPath: m_LocalRotation.x
      value: 0
      objectReference: {fileID: 0}
    - target: {fileID: 5360267588362257374, guid: 0922d271622bb1d4dabcb20e902cde80,
        type: 3}
      propertyPath: m_LocalRotation.y
      value: 0
      objectReference: {fileID: 0}
    - target: {fileID: 5360267588362257374, guid: 0922d271622bb1d4dabcb20e902cde80,
        type: 3}
      propertyPath: m_LocalRotation.z
      value: 0
      objectReference: {fileID: 0}
    - target: {fileID: 5360267588362257374, guid: 0922d271622bb1d4dabcb20e902cde80,
        type: 3}
      propertyPath: m_LocalEulerAnglesHint.x
      value: 0
      objectReference: {fileID: 0}
    - target: {fileID: 5360267588362257374, guid: 0922d271622bb1d4dabcb20e902cde80,
        type: 3}
      propertyPath: m_LocalEulerAnglesHint.y
      value: 0
      objectReference: {fileID: 0}
    - target: {fileID: 5360267588362257374, guid: 0922d271622bb1d4dabcb20e902cde80,
        type: 3}
      propertyPath: m_LocalEulerAnglesHint.z
      value: 0
      objectReference: {fileID: 0}
    - target: {fileID: 5530219016409871083, guid: 0922d271622bb1d4dabcb20e902cde80,
        type: 3}
      propertyPath: m_LocalScale.y
      value: 665.5417
      objectReference: {fileID: 0}
    - target: {fileID: 5530219016409871083, guid: 0922d271622bb1d4dabcb20e902cde80,
        type: 3}
      propertyPath: m_LocalPosition.x
      value: 9.06
      objectReference: {fileID: 0}
    - target: {fileID: 5530219016409871083, guid: 0922d271622bb1d4dabcb20e902cde80,
        type: 3}
      propertyPath: m_LocalPosition.z
      value: -17.7582
      objectReference: {fileID: 0}
    - target: {fileID: 5713007149949424850, guid: 0922d271622bb1d4dabcb20e902cde80,
        type: 3}
      propertyPath: m_Name
      value: start location
      objectReference: {fileID: 0}
    - target: {fileID: 5858061845009029577, guid: 0922d271622bb1d4dabcb20e902cde80,
        type: 3}
      propertyPath: m_LocalPosition.x
      value: 11.12
      objectReference: {fileID: 0}
    - target: {fileID: 5858061845009029577, guid: 0922d271622bb1d4dabcb20e902cde80,
        type: 3}
      propertyPath: m_LocalPosition.z
      value: -22.53
      objectReference: {fileID: 0}
    - target: {fileID: 8285390359333266064, guid: 0922d271622bb1d4dabcb20e902cde80,
        type: 3}
      propertyPath: m_LocalScale.x
      value: 41
      objectReference: {fileID: 0}
    - target: {fileID: 8285390359333266064, guid: 0922d271622bb1d4dabcb20e902cde80,
        type: 3}
      propertyPath: m_LocalScale.z
      value: 41.3567
      objectReference: {fileID: 0}
    - target: {fileID: 8285390359333266064, guid: 0922d271622bb1d4dabcb20e902cde80,
        type: 3}
      propertyPath: m_LocalPosition.x
      value: 149.3
      objectReference: {fileID: 0}
    - target: {fileID: 8285390359333266064, guid: 0922d271622bb1d4dabcb20e902cde80,
        type: 3}
      propertyPath: m_LocalPosition.y
      value: 18.8
      objectReference: {fileID: 0}
    - target: {fileID: 8285390359333266064, guid: 0922d271622bb1d4dabcb20e902cde80,
        type: 3}
      propertyPath: m_LocalPosition.z
      value: 73
      objectReference: {fileID: 0}
    m_RemovedComponents: []
  m_SourcePrefab: {fileID: 100100000, guid: 0922d271622bb1d4dabcb20e902cde80, type: 3}
--- !u!1 &1732039224
GameObject:
  m_ObjectHideFlags: 0
  m_CorrespondingSourceObject: {fileID: 0}
  m_PrefabInstance: {fileID: 0}
  m_PrefabAsset: {fileID: 0}
  serializedVersion: 6
  m_Component:
  - component: {fileID: 1732039226}
  - component: {fileID: 1732039225}
  m_Layer: 0
  m_Name: Audio Source (1)
  m_TagString: Untagged
  m_Icon: {fileID: 0}
  m_NavMeshLayer: 0
  m_StaticEditorFlags: 0
  m_IsActive: 1
--- !u!82 &1732039225
AudioSource:
  m_ObjectHideFlags: 0
  m_CorrespondingSourceObject: {fileID: 0}
  m_PrefabInstance: {fileID: 0}
  m_PrefabAsset: {fileID: 0}
  m_GameObject: {fileID: 1732039224}
  m_Enabled: 1
  serializedVersion: 4
  OutputAudioMixerGroup: {fileID: 0}
  m_audioClip: {fileID: 8300000, guid: 281843cd75e5dc04dbde39c502dc1e38, type: 3}
  m_PlayOnAwake: 1
  m_Volume: 1
  m_Pitch: 1
  Loop: 0
  Mute: 0
  Spatialize: 0
  SpatializePostEffects: 0
  Priority: 128
  DopplerLevel: 1
  MinDistance: 1
  MaxDistance: 500
  Pan2D: 0
  rolloffMode: 0
  BypassEffects: 0
  BypassListenerEffects: 0
  BypassReverbZones: 0
  rolloffCustomCurve:
    serializedVersion: 2
    m_Curve:
    - serializedVersion: 3
      time: 0
      value: 1
      inSlope: 0
      outSlope: 0
      tangentMode: 0
      weightedMode: 0
      inWeight: 0.33333334
      outWeight: 0.33333334
    - serializedVersion: 3
      time: 1
      value: 0
      inSlope: 0
      outSlope: 0
      tangentMode: 0
      weightedMode: 0
      inWeight: 0.33333334
      outWeight: 0.33333334
    m_PreInfinity: 2
    m_PostInfinity: 2
    m_RotationOrder: 4
  panLevelCustomCurve:
    serializedVersion: 2
    m_Curve:
    - serializedVersion: 3
      time: 0
      value: 0
      inSlope: 0
      outSlope: 0
      tangentMode: 0
      weightedMode: 0
      inWeight: 0.33333334
      outWeight: 0.33333334
    m_PreInfinity: 2
    m_PostInfinity: 2
    m_RotationOrder: 4
  spreadCustomCurve:
    serializedVersion: 2
    m_Curve:
    - serializedVersion: 3
      time: 0
      value: 0
      inSlope: 0
      outSlope: 0
      tangentMode: 0
      weightedMode: 0
      inWeight: 0.33333334
      outWeight: 0.33333334
    m_PreInfinity: 2
    m_PostInfinity: 2
    m_RotationOrder: 4
  reverbZoneMixCustomCurve:
    serializedVersion: 2
    m_Curve:
    - serializedVersion: 3
      time: 0
      value: 1
      inSlope: 0
      outSlope: 0
      tangentMode: 0
      weightedMode: 0
      inWeight: 0.33333334
      outWeight: 0.33333334
    m_PreInfinity: 2
    m_PostInfinity: 2
    m_RotationOrder: 4
--- !u!4 &1732039226
Transform:
  m_ObjectHideFlags: 0
  m_CorrespondingSourceObject: {fileID: 0}
  m_PrefabInstance: {fileID: 0}
  m_PrefabAsset: {fileID: 0}
  m_GameObject: {fileID: 1732039224}
  m_LocalRotation: {x: 0, y: 0, z: 0, w: 1}
  m_LocalPosition: {x: 31.882095, y: 24.85413, z: -61.186943}
  m_LocalScale: {x: 1, y: 1, z: 1}
  m_Children: []
  m_Father: {fileID: 0}
  m_RootOrder: 13
  m_LocalEulerAnglesHint: {x: 0, y: 0, z: 0}
--- !u!1 &1830406507
GameObject:
  m_ObjectHideFlags: 3
  m_CorrespondingSourceObject: {fileID: 0}
  m_PrefabInstance: {fileID: 0}
  m_PrefabAsset: {fileID: 0}
  serializedVersion: 6
  m_Component:
  - component: {fileID: 1830406508}
  - component: {fileID: 1830406511}
  - component: {fileID: 1830406510}
  - component: {fileID: 1830406509}
  m_Layer: 0
  m_Name: cm
  m_TagString: Untagged
  m_Icon: {fileID: 0}
  m_NavMeshLayer: 0
  m_StaticEditorFlags: 0
  m_IsActive: 1
--- !u!4 &1830406508
Transform:
  m_ObjectHideFlags: 3
  m_CorrespondingSourceObject: {fileID: 0}
  m_PrefabInstance: {fileID: 0}
  m_PrefabAsset: {fileID: 0}
  m_GameObject: {fileID: 1830406507}
  m_LocalRotation: {x: -0.094380625, y: 0.2954988, z: -0.029347723, w: 0.9502166}
  m_LocalPosition: {x: 49.195995, y: -97.79834, z: 73.42268}
  m_LocalScale: {x: 1, y: 1, z: 1}
  m_Children: []
  m_Father: {fileID: 634971024}
  m_RootOrder: 0
  m_LocalEulerAnglesHint: {x: 0, y: 0, z: 0}
--- !u!114 &1830406509
MonoBehaviour:
  m_ObjectHideFlags: 3
  m_CorrespondingSourceObject: {fileID: 0}
  m_PrefabInstance: {fileID: 0}
  m_PrefabAsset: {fileID: 0}
  m_GameObject: {fileID: 1830406507}
  m_Enabled: 1
  m_EditorHideFlags: 0
  m_Script: {fileID: 11500000, guid: 1e8b78ac948f05a46a6d8339a503172b, type: 3}
  m_Name: 
  m_EditorClassIdentifier: 
--- !u!114 &1830406510
MonoBehaviour:
  m_ObjectHideFlags: 3
  m_CorrespondingSourceObject: {fileID: 0}
  m_PrefabInstance: {fileID: 0}
  m_PrefabAsset: {fileID: 0}
  m_GameObject: {fileID: 1830406507}
  m_Enabled: 1
  m_EditorHideFlags: 0
  m_Script: {fileID: 11500000, guid: 418e42c7d0405cc48a7b83f63ea53bb3, type: 3}
  m_Name: 
  m_EditorClassIdentifier: 
  m_Path: {fileID: 490093868}
  m_PathPosition: 0
  m_PositionUnits: 0
  m_PathOffset: {x: 0, y: 0, z: 0}
  m_XDamping: 0
  m_YDamping: 0
  m_ZDamping: 1
  m_CameraUp: 0
  m_PitchDamping: 0
  m_YawDamping: 0
  m_RollDamping: 0
  m_AutoDolly:
    m_Enabled: 0
    m_PositionOffset: 0
    m_SearchRadius: 2
    m_SearchResolution: 5
--- !u!114 &1830406511
MonoBehaviour:
  m_ObjectHideFlags: 3
  m_CorrespondingSourceObject: {fileID: 0}
  m_PrefabInstance: {fileID: 0}
  m_PrefabAsset: {fileID: 0}
  m_GameObject: {fileID: 1830406507}
  m_Enabled: 1
  m_EditorHideFlags: 0
  m_Script: {fileID: 11500000, guid: ac0b09e7857660247b1477e93731de29, type: 3}
  m_Name: 
  m_EditorClassIdentifier: 
--- !u!1 &1926588191
GameObject:
  m_ObjectHideFlags: 0
  m_CorrespondingSourceObject: {fileID: 0}
  m_PrefabInstance: {fileID: 0}
  m_PrefabAsset: {fileID: 0}
  serializedVersion: 6
  m_Component:
  - component: {fileID: 1926588192}
  - component: {fileID: 1926588195}
  - component: {fileID: 1926588194}
  - component: {fileID: 1926588193}
  m_Layer: 5
  m_Name: Panel
  m_TagString: Untagged
  m_Icon: {fileID: 0}
  m_NavMeshLayer: 0
  m_StaticEditorFlags: 0
  m_IsActive: 1
--- !u!224 &1926588192
RectTransform:
  m_ObjectHideFlags: 0
  m_CorrespondingSourceObject: {fileID: 0}
  m_PrefabInstance: {fileID: 0}
  m_PrefabAsset: {fileID: 0}
  m_GameObject: {fileID: 1926588191}
  m_LocalRotation: {x: 0, y: 0, z: 0, w: 1}
  m_LocalPosition: {x: 0, y: 0, z: 0}
  m_LocalScale: {x: 1, y: 1, z: 1}
  m_Children: []
  m_Father: {fileID: 496338647}
  m_RootOrder: 0
  m_LocalEulerAnglesHint: {x: 0, y: 0, z: 0}
  m_AnchorMin: {x: 0, y: 0}
  m_AnchorMax: {x: 1, y: 1}
  m_AnchoredPosition: {x: 0, y: 0}
  m_SizeDelta: {x: 0, y: 0}
  m_Pivot: {x: 0.5, y: 0.5}
--- !u!95 &1926588193
Animator:
  serializedVersion: 3
  m_ObjectHideFlags: 0
  m_CorrespondingSourceObject: {fileID: 0}
  m_PrefabInstance: {fileID: 0}
  m_PrefabAsset: {fileID: 0}
  m_GameObject: {fileID: 1926588191}
  m_Enabled: 1
  m_Avatar: {fileID: 0}
  m_Controller: {fileID: 0}
  m_CullingMode: 0
  m_UpdateMode: 0
  m_ApplyRootMotion: 0
  m_LinearVelocityBlending: 0
  m_WarningMessage: 
  m_HasTransformHierarchy: 1
  m_AllowConstantClipSamplingOptimization: 1
  m_KeepAnimatorControllerStateOnDisable: 0
--- !u!114 &1926588194
MonoBehaviour:
  m_ObjectHideFlags: 0
  m_CorrespondingSourceObject: {fileID: 0}
  m_PrefabInstance: {fileID: 0}
  m_PrefabAsset: {fileID: 0}
  m_GameObject: {fileID: 1926588191}
  m_Enabled: 1
  m_EditorHideFlags: 0
  m_Script: {fileID: 11500000, guid: fe87c0e1cc204ed48ad3b37840f39efc, type: 3}
  m_Name: 
  m_EditorClassIdentifier: 
  m_Material: {fileID: 0}
  m_Color: {r: 0, g: 0, b: 0, a: 1}
  m_RaycastTarget: 1
  m_RaycastPadding: {x: 0, y: 0, z: 0, w: 0}
  m_Maskable: 1
  m_OnCullStateChanged:
    m_PersistentCalls:
      m_Calls: []
  m_Sprite: {fileID: 0}
  m_Type: 1
  m_PreserveAspect: 0
  m_FillCenter: 1
  m_FillMethod: 4
  m_FillAmount: 1
  m_FillClockwise: 1
  m_FillOrigin: 0
  m_UseSpriteMesh: 0
  m_PixelsPerUnitMultiplier: 1
--- !u!222 &1926588195
CanvasRenderer:
  m_ObjectHideFlags: 0
  m_CorrespondingSourceObject: {fileID: 0}
  m_PrefabInstance: {fileID: 0}
  m_PrefabAsset: {fileID: 0}
  m_GameObject: {fileID: 1926588191}
  m_CullTransparentMesh: 1
--- !u!1001 &2001065279
PrefabInstance:
  m_ObjectHideFlags: 0
  serializedVersion: 2
  m_Modification:
    m_TransformParent: {fileID: 1299181870}
    m_Modifications:
    - target: {fileID: -8679921383154817045, guid: 4e356c10b865b9f4899b9ffa1676e0ed,
        type: 3}
      propertyPath: m_RootOrder
      value: 0
      objectReference: {fileID: 0}
    - target: {fileID: -8679921383154817045, guid: 4e356c10b865b9f4899b9ffa1676e0ed,
        type: 3}
      propertyPath: m_LocalScale.x
      value: 0.5
      objectReference: {fileID: 0}
    - target: {fileID: -8679921383154817045, guid: 4e356c10b865b9f4899b9ffa1676e0ed,
        type: 3}
      propertyPath: m_LocalScale.y
      value: 0.5
      objectReference: {fileID: 0}
    - target: {fileID: -8679921383154817045, guid: 4e356c10b865b9f4899b9ffa1676e0ed,
        type: 3}
      propertyPath: m_LocalScale.z
      value: 0.5
      objectReference: {fileID: 0}
    - target: {fileID: -8679921383154817045, guid: 4e356c10b865b9f4899b9ffa1676e0ed,
        type: 3}
      propertyPath: m_LocalPosition.x
      value: 0.45
      objectReference: {fileID: 0}
    - target: {fileID: -8679921383154817045, guid: 4e356c10b865b9f4899b9ffa1676e0ed,
        type: 3}
      propertyPath: m_LocalPosition.y
      value: 0.27
      objectReference: {fileID: 0}
    - target: {fileID: -8679921383154817045, guid: 4e356c10b865b9f4899b9ffa1676e0ed,
        type: 3}
      propertyPath: m_LocalPosition.z
      value: 1.86
      objectReference: {fileID: 0}
    - target: {fileID: -8679921383154817045, guid: 4e356c10b865b9f4899b9ffa1676e0ed,
        type: 3}
      propertyPath: m_LocalRotation.w
      value: -0.3706074
      objectReference: {fileID: 0}
    - target: {fileID: -8679921383154817045, guid: 4e356c10b865b9f4899b9ffa1676e0ed,
        type: 3}
      propertyPath: m_LocalRotation.x
      value: -0
      objectReference: {fileID: 0}
    - target: {fileID: -8679921383154817045, guid: 4e356c10b865b9f4899b9ffa1676e0ed,
        type: 3}
      propertyPath: m_LocalRotation.y
      value: 0.9287896
      objectReference: {fileID: 0}
    - target: {fileID: -8679921383154817045, guid: 4e356c10b865b9f4899b9ffa1676e0ed,
        type: 3}
      propertyPath: m_LocalRotation.z
      value: -0
      objectReference: {fileID: 0}
    - target: {fileID: -8679921383154817045, guid: 4e356c10b865b9f4899b9ffa1676e0ed,
        type: 3}
      propertyPath: m_LocalEulerAnglesHint.x
      value: 0
      objectReference: {fileID: 0}
    - target: {fileID: -8679921383154817045, guid: 4e356c10b865b9f4899b9ffa1676e0ed,
        type: 3}
      propertyPath: m_LocalEulerAnglesHint.y
      value: -0
      objectReference: {fileID: 0}
    - target: {fileID: -8679921383154817045, guid: 4e356c10b865b9f4899b9ffa1676e0ed,
        type: 3}
      propertyPath: m_LocalEulerAnglesHint.z
      value: 0
      objectReference: {fileID: 0}
    - target: {fileID: 919132149155446097, guid: 4e356c10b865b9f4899b9ffa1676e0ed,
        type: 3}
      propertyPath: m_Name
      value: character
      objectReference: {fileID: 0}
    - target: {fileID: 8417361359673230750, guid: 4e356c10b865b9f4899b9ffa1676e0ed,
        type: 3}
      propertyPath: m_Materials.Array.data[0]
      value: 
      objectReference: {fileID: 2100000, guid: 74bc400628cd34d47b552008843e3e7f, type: 2}
    m_RemovedComponents: []
  m_SourcePrefab: {fileID: 100100000, guid: 4e356c10b865b9f4899b9ffa1676e0ed, type: 3}
--- !u!95 &2001065280 stripped
Animator:
  m_CorrespondingSourceObject: {fileID: 5866666021909216657, guid: 4e356c10b865b9f4899b9ffa1676e0ed,
    type: 3}
  m_PrefabInstance: {fileID: 2001065279}
  m_PrefabAsset: {fileID: 0}
--- !u!4 &2001065281 stripped
Transform:
  m_CorrespondingSourceObject: {fileID: -8679921383154817045, guid: 4e356c10b865b9f4899b9ffa1676e0ed,
    type: 3}
  m_PrefabInstance: {fileID: 2001065279}
  m_PrefabAsset: {fileID: 0}
--- !u!1 &2119574460
GameObject:
  m_ObjectHideFlags: 0
  m_CorrespondingSourceObject: {fileID: 0}
  m_PrefabInstance: {fileID: 0}
  m_PrefabAsset: {fileID: 0}
  serializedVersion: 6
  m_Component:
  - component: {fileID: 2119574462}
  - component: {fileID: 2119574461}
  m_Layer: 0
  m_Name: Directional Light
  m_TagString: Untagged
  m_Icon: {fileID: 0}
  m_NavMeshLayer: 0
  m_StaticEditorFlags: 0
  m_IsActive: 1
--- !u!108 &2119574461
Light:
  m_ObjectHideFlags: 0
  m_CorrespondingSourceObject: {fileID: 0}
  m_PrefabInstance: {fileID: 0}
  m_PrefabAsset: {fileID: 0}
  m_GameObject: {fileID: 2119574460}
  m_Enabled: 1
  serializedVersion: 10
  m_Type: 1
  m_Shape: 0
  m_Color: {r: 0.4528302, g: 0.4528302, b: 0.4528302, a: 1}
  m_Intensity: 1
  m_Range: 10
  m_SpotAngle: 30
  m_InnerSpotAngle: 21.80208
  m_CookieSize: 10
  m_Shadows:
    m_Type: 2
    m_Resolution: -1
    m_CustomResolution: -1
    m_Strength: 0.597
    m_Bias: 0.05
    m_NormalBias: 0.4
    m_NearPlane: 0.2
    m_CullingMatrixOverride:
      e00: 1
      e01: 0
      e02: 0
      e03: 0
      e10: 0
      e11: 1
      e12: 0
      e13: 0
      e20: 0
      e21: 0
      e22: 1
      e23: 0
      e30: 0
      e31: 0
      e32: 0
      e33: 1
    m_UseCullingMatrixOverride: 0
  m_Cookie: {fileID: 0}
  m_DrawHalo: 0
  m_Flare: {fileID: 0}
  m_RenderMode: 0
  m_CullingMask:
    serializedVersion: 2
    m_Bits: 4294967295
  m_RenderingLayerMask: 1
  m_Lightmapping: 4
  m_LightShadowCasterMode: 0
  m_AreaSize: {x: 1, y: 1}
  m_BounceIntensity: 1
  m_ColorTemperature: 6570
  m_UseColorTemperature: 0
  m_BoundingSphereOverride: {x: 0, y: 0, z: 0, w: 0}
  m_UseBoundingSphereOverride: 0
  m_UseViewFrustumForShadowCasterCull: 1
  m_ShadowRadius: 0
  m_ShadowAngle: 0
--- !u!4 &2119574462
Transform:
  m_ObjectHideFlags: 0
  m_CorrespondingSourceObject: {fileID: 0}
  m_PrefabInstance: {fileID: 0}
  m_PrefabAsset: {fileID: 0}
  m_GameObject: {fileID: 2119574460}
  m_LocalRotation: {x: 0.3390637, y: -0.24234939, z: 0.09085183, w: 0.9044604}
  m_LocalPosition: {x: 0, y: 3, z: 0}
  m_LocalScale: {x: 1, y: 1, z: 1}
  m_Children: []
  m_Father: {fileID: 0}
  m_RootOrder: 5
  m_LocalEulerAnglesHint: {x: 41.1, y: -30, z: 0}
